@book{hastie01statisticallearning,
  added-at = {2008-05-16T16:17:42.000+0200},
  address = {New York, NY, USA},
  author = {Hastie, Trevor and Tibshirani, Robert and Friedman, Jerome},
  biburl = {https://www.bibsonomy.org/bibtex/2f58afc5c9793fcc8ad8389824e57984c/sb3000},
  interhash = {d585aea274f2b9b228fc1629bc273644},
  intrahash = {f58afc5c9793fcc8ad8389824e57984c},
  keywords = {ml statistics},
  publisher = {Springer New York Inc.},
  series = {Springer Series in Statistics},
  timestamp = {2008-05-16T16:17:43.000+0200},
  title = {The Elements of Statistical Learning},
  year = 2001
}



%P3D
@ARTICLE{NF_Rezende2015,
       author = {{Jimenez Rezende}, Danilo and {Mohamed}, Shakir},
        title = "{Variational Inference with Normalizing Flows}",
      journal = {arXiv e-prints},
     keywords = {Statistics - Machine Learning, Computer Science - Artificial Intelligence, Computer Science - Machine Learning, Statistics - Computation, Statistics - Methodology},
         year = 2015,
        month = may,
          eid = {arXiv:1505.05770},
        pages = {arXiv:1505.05770},
          doi = {10.48550/arXiv.1505.05770},
archivePrefix = {arXiv},
       eprint = {1505.05770},
 primaryClass = {stat.ML},
       adsurl = {https://ui.adsabs.harvard.edu/abs/2015arXiv150505770J},
      adsnote = {Provided by the SAO/NASA Astrophysics Data System}
}

@ARTICLE{NF_Kobyzev2019,
       author = {{Kobyzev}, Ivan and {Prince}, Simon J.~D. and {Brubaker}, Marcus A.},
        title = "{Normalizing Flows: An Introduction and Review of Current Methods}",
      journal = {arXiv e-prints},
     keywords = {Statistics - Machine Learning, Computer Science - Machine Learning},
         year = 2019,
        month = aug,
          eid = {arXiv:1908.09257},
        pages = {arXiv:1908.09257},
          doi = {10.48550/arXiv.1908.09257},
archivePrefix = {arXiv},
       eprint = {1908.09257},
 primaryClass = {stat.ML},
       adsurl = {https://ui.adsabs.harvard.edu/abs/2019arXiv190809257K},
      adsnote = {Provided by the SAO/NASA Astrophysics Data System}
}

@article{cabayol-garcia2023NeuralNetworkEmulator,
  title = {A Neural Network Emulator for the {{Lyman-$\alpha$}} Forest {{1D}} Flux Power Spectrum},
  author = {{Cabayol-Garcia}, L and {Chaves-Montero}, J and {Font-Ribera}, A and Pedersen, C},
  year = {2023},
  month = sep,
  journal = {Monthly Notices of the Royal Astronomical Society},
  volume = {525},
  number = {3},
  pages = {3499--3515},
  doi = {10.1093/mnras/stad2512},
  adsurl = {https://academic.oup.com/mnras/article/525/3/3499/7246913},
  urldate = {2024-01-30},
  langid = {english}
}


@ARTICLE{NF_CV,
       author = {{Kuang}, Zijian and {Tie}, Xinran and {Ying}, Lihang and {Jin}, Shi},
        title = "{Computer Vision and Normalizing Flow-Based Defect Detection}",
      journal = {arXiv e-prints},
     keywords = {Computer Science - Computer Vision and Pattern Recognition},
         year = 2020,
        month = dec,
          eid = {arXiv:2012.06737},
        pages = {arXiv:2012.06737},
          doi = {10.48550/arXiv.2012.06737},
archivePrefix = {arXiv},
       eprint = {2012.06737},
 primaryClass = {cs.CV},
       adsurl = {https://ui.adsabs.harvard.edu/abs/2020arXiv201206737K},
      adsnote = {Provided by the SAO/NASA Astrophysics Data System}
}

@ARTICLE{Belsunce2024eBOSS,
       author = {{de Belsunce}, Roger and {Philcox}, Oliver H.~E. and {Irsic}, Vid and {McDonald}, Pat and {Guy}, Julien and {Palanque-Delabrouille}, Nathalie},
        title = "{The 3D Lyman-$\alpha$ Forest Power Spectrum from eBOSS DR16}",
      journal = {arXiv e-prints},
     keywords = {Astrophysics - Cosmology and Nongalactic Astrophysics},
         year = 2024,
        month = mar,
          eid = {arXiv:2403.08241},
        pages = {arXiv:2403.08241},
          doi = {10.48550/arXiv.2403.08241},
archivePrefix = {arXiv},
       eprint = {2403.08241},
 primaryClass = {astro-ph.CO},
       adsurl = {https://ui.adsabs.harvard.edu/abs/2024arXiv240308241D},
      adsnote = {Provided by the SAO/NASA Astrophysics Data System}
}

@article{karacayli2024Optimal1DLy,
  title = {Optimal {{1D Ly}} {$\alpha$} Forest Power Spectrum Estimation - {{III}}. {{DESI}} Early Data},
  author = {Kara{\c c}ayl{\i}, Naim G{\"o}ksel and Martini, Paul and Guy, Julien and Ravoux, Corentin and Abdul Karim, Marie Lynn and Armengaud, Eric and Walther, Michael and Aguilar, J. and Ahlen, S. and Bailey, S. and Bautista, J. and Beltran, S. F. and Brooks, D. and {Cabayol-Garcia}, L. and Chabanier, S. and Chaussidon, E. and {Chaves-Montero}, J. and Dawson, K. and {de la Cruz}, R. and {de la Macorra}, A. and Doel, P. and {Font-Ribera}, A. and {Forero-Romero}, J. E. and Gontcho, S. Gontcho A. and {Gonzalez-Morales}, A. X. and Gordon, C. and {Herrera-Alcantar}, H. K. and Honscheid, K. and Ir{\v s}i{\v c}, V. and Ishak, M. and Kehoe, R. and Kisner, T. and Kremin, A. and Landriau, M. and Le Guillou, L. and Levi, M. E. and Luki{\'c}, Z. and Meisner, A. and Miquel, R. and Moustakas, J. and Mueller, E. and {Mu{\~n}oz-Guti{\'e}rrez}, A. and Napolitano, L. and Nie, J. and Niz, G. and {Palanque-Delabrouille}, N. and Percival, W. J. and Pieri, M. and Poppett, C. and Prada, F. and {P{\'e}rez-R{\`a}fols}, I. and {Ram{\'i}rez-P{\'e}rez}, C. and Rossi, G. and Sanchez, E. and Seo, H. and Sinigaglia, F. and Tan, T. and Tarl{\'e}, G. and Wang, B. and Weaver, B. A. and Y{\'e}che, C. and Zhou, Z.},
  year = {2024},
  month = mar,
  journal = {Monthly Notices of the Royal Astronomical Society},
  volume = {528},
  pages = {3941--3963},
  doi = {10.1093/mnras/stae171},
  adsurl = {https://ui.adsabs.harvard.edu/abs/2024MNRAS.528.3941K},
  urldate = {2024-04-12},
  keywords = {Astrophysics - Cosmology and Nongalactic Astrophysics,intergalactic medium,methods: data analysis,quasars: absorption lines}
}

@article{ravoux2023DarkEnergySpectroscopica,
  title = {The {{Dark Energy Spectroscopic Instrument}}: One-Dimensional Power Spectrum from First {{Ly}} {$\alpha$} Forest Samples with {{Fast Fourier Transform}}},
  author = {Ravoux, Corentin and Abdul Karim, Marie Lynn and Armengaud, Eric and Walther, Michael and Kara{\c c}ayl{\i}, Naim G{\"o}ksel and Martini, Paul and Guy, Julien and Aguilar, Jessica Nicole and Ahlen, Steven and Bailey, Stephen and Bautista, Julian and Beltran, Sergio Felipe and Brooks, David and {Cabayol-Garcia}, Laura and Chabanier, Sol{\`e}ne and Chaussidon, Edmond and {Chaves-Montero}, Jon{\'a}s and Dawson, Kyle and {de la Cruz}, Rodrigo and {de la Macorra}, Axel and Doel, Peter and Fanning, Kevin and {Font-Ribera}, Andreu and {Forero-Romero}, Jaime and Gontcho A Gontcho, Satya and {Gonzalez-Morales}, Alma X. and Gordon, Calum and {Herrera-Alcantar}, Hiram K. and Honscheid, Klaus and Ir{\v s}i{\v c}, Vid and Ishak, Mustapha and Kehoe, Robert and Kisner, Theodore and Kremin, Anthony and Landriau, Martin and Le Guillou, Laurent and Levi, Michael and Luki{\'c}, Zarija and Magneville, Christophe and Meisner, Aaron and Miquel, Ramon and Moustakas, John and Mueller, Eva-Maria and {Mu{\~n}oz-Guti{\'e}rrez}, Andrea and Napolitano, Lucas and Nie, Jundan and Niz, Gustavo and {Palanque-Delabrouille}, Nathalie and Percival, Will and {P{\'e}rez-R{\`a}fols}, Ignasi and Pieri, Matthew and Poppett, Claire and Prada, Francisco and Ram{\'i}rez P{\'e}rez, C{\'e}sar and Rossi, Graziano and Sanchez, Eusebio and Schlegel, David and Schubnell, Michael and Seo, Hee-Jong and Sinigaglia, Francesco and Tan, Ting and Tarl{\'e}, Gregory and Wang, Ben and Weaver, Benjamin and Y{\`e}che, Christophe and Zhou, Zhimin},
  year = {2023},
  month = dec,
  journal = {Monthly Notices of the Royal Astronomical Society},
  volume = {526},
  pages = {5118--5140},
  doi = {10.1093/mnras/stad3008},
  adsurl = {https://ui.adsabs.harvard.edu/abs/2023MNRAS.526.5118R},
  urldate = {2024-04-12},
  keywords = {Astrophysics - Cosmology and Nongalactic Astrophysics,cosmology: observations,intergalactic medium,large-scale structure of Universe}
}


@article{givans2022NonlinearitiesLymanAlpha,
  title = {Non-Linearities in the {{Lyman-}}\${\textbackslash}alpha\$ Forest and in Its Cross-Correlation with Dark Matter Halos},
  author = {Givans, Jahmour J. and {Font-Ribera}, Andreu and Slosar, An{\v z}e and Seeyave, Louise and Pedersen, Christian and Rogers, Keir K. and Blas, Diego and Ir{\v s}i{\v c}, Vid},
  year = {2022},
  month = may,
  journal = {arXiv:2205.00962 [astro-ph]},
  eprint = {2205.00962},
  primaryclass = {astro-ph},
  url = {http://arxiv.org/abs/2205.00962},
  urldate = {2022-05-03},
  archiveprefix = {arxiv},
  keywords = {Astrophysics - Cosmology and Nongalactic Astrophysics}
}


@ARTICLE{Angulo2008,
       author = {{Angulo}, R.~E. and {Baugh}, C.~M. and {Frenk}, C.~S. and {Lacey}, C.~G.},
        title = "{The detectability of baryonic acoustic oscillations in future galaxy surveys}",
      journal = {\mnras},
     keywords = {methods: N-body simulations, cosmology: theory, large-scale structure of Universe, Astrophysics},
         year = 2008,
        month = jan,
       volume = {383},
       number = {2},
        pages = {755-776},
          doi = {10.1111/j.1365-2966.2007.12587.x},
archivePrefix = {arXiv},
       eprint = {astro-ph/0702543},
 primaryClass = {astro-ph},
       adsurl = {https://ui.adsabs.harvard.edu/abs/2008MNRAS.383..755A},
      adsnote = {Provided by the SAO/NASA Astrophysics Data System}
}


@ARTICLE{Karim2023,
       author = {{Abdul Karim}, Marie Lynn and {Armengaud}, Eric and {Mention}, Guillaume and {Chabanier}, Sol{\`e}ne and {Ravoux}, Corentin and {Luki{\'c}}, Zarija},
        title = "{Measurement of the small-scale 3D Lyman-{\ensuremath{\alpha}} forest power spectrum}",
      journal = {\jcap},
     keywords = {Lyman alpha forest, power spectrum, Astrophysics - Cosmology and Nongalactic Astrophysics},
         year = 2024,
        month = may,
       volume = {2024},
       number = {5},
          eid = {088},
        pages = {088},
          doi = {10.1088/1475-7516/2024/05/088},
archivePrefix = {arXiv},
       eprint = {2310.09116},
 primaryClass = {astro-ph.CO},
       adsurl = {https://ui.adsabs.harvard.edu/abs/2024JCAP...05..088A},
      adsnote = {Provided by the SAO/NASA Astrophysics Data System}
}





@article{fontribera2018HowEstimate3D,
  title = {How to Estimate the {{3D}} Power Spectrum of the {{Lyman-$\alpha$}} Forest},
  author = {{Font-Ribera}, Andreu and McDonald, Patrick and Slosar, An{\v z}e},
  year = {2018},
  month = jan,
  journal = {Journal of Cosmology and Astroparticle Physics},
  volume = {2018},
  pages = {003},
  doi = {10.1088/1475-7516/2018/01/003},
  adsurl = {https://ui.adsabs.harvard.edu/abs/2018JCAP...01..003F},
  urldate = {2022-05-16},
  keywords = {Astrophysics - Cosmology and Nongalactic Astrophysics}
}

@misc{lesgourgues2011CosmicLinearAnisotropy,
  title = {The {{Cosmic Linear Anisotropy Solving System}} ({{CLASS}}) {{I}}: {{Overview}}},
  author = {Lesgourgues, Julien},
  year = {2011},
  month = apr,
  journal = {arXiv e-prints},
  doi = {10.48550/arXiv.1104.2932},
  url = {https://ui.adsabs.harvard.edu/abs/2011arXiv1104.2932L},
  urldate = {2024-04-19},
  keywords = {Astrophysics - Cosmology and Extragalactic Astrophysics,Astrophysics - Instrumentation and Methods for Astrophysics}
}

@article{hui1999GeometricalTestCosmological,
  title = {A {{Geometrical Test}} of the {{Cosmological Energy Contents Using}} the {{Ly$\alpha$ Forest}}},
  author = {Hui, Lam and Stebbins, Albert and Burles, Scott},
  year = {1999},
  month = jan,
  journal = {The Astrophysical Journal},
  volume = {511},
  pages = {L5-L8},
  publisher = {IOP},
  doi = {10.1086/311826},
  adsurl = {https://ui.adsabs.harvard.edu/abs/1999ApJ...511L...5H},
  urldate = {2024-05-03},
  keywords = {Astrophysics,Cosmology: Large-Scale Structure of Universe,COSMOLOGY: LARGE-SCALE STRUCTURE OF UNIVERSE,Cosmology: Theory,COSMOLOGY: THEORY,Galaxies: Quasars: Absorption Lines,GALAXIES: QUASARS: ABSORPTION LINES}
}


@ARTICLE{Ahumada2020_DR16,
       author = {{Ahumada}, Romina and {Allende Prieto}, Carlos and {Almeida}, Andr{\'e}s and {Anders}, Friedrich and {Anderson}, Scott F. and {Andrews}, Brett H. and {Anguiano}, Borja and {Arcodia}, Riccardo and {Armengaud}, Eric and {Aubert}, Marie and {Avila}, Santiago and {Avila-Reese}, Vladimir and {Badenes}, Carles and {Balland}, Christophe and {Barger}, Kat and {Barrera-Ballesteros}, Jorge K. and {Basu}, Sarbani and {Bautista}, Julian and {Beaton}, Rachael L. and {Beers}, Timothy C. and {Benavides}, B. Izamar T. and {Bender}, Chad F. and {Bernardi}, Mariangela and {Bershady}, Matthew and {Beutler}, Florian and {Bidin}, Christian Moni and {Bird}, Jonathan and {Bizyaev}, Dmitry and {Blanc}, Guillermo A. and {Blanton}, Michael R. and {Boquien}, M{\'e}d{\'e}ric and {Borissova}, Jura and {Bovy}, Jo and {Brandt}, W.~N. and {Brinkmann}, Jonathan and {Brownstein}, Joel R. and {Bundy}, Kevin and {Bureau}, Martin and {Burgasser}, Adam and {Burtin}, Etienne and {Cano-D{\'\i}az}, Mariana and {Capasso}, Raffaella and {Cappellari}, Michele and {Carrera}, Ricardo and {Chabanier}, Sol{\`e}ne and {Chaplin}, William and {Chapman}, Michael and {Cherinka}, Brian and {Chiappini}, Cristina and {Doohyun Choi}, Peter and {Chojnowski}, S. Drew and {Chung}, Haeun and {Clerc}, Nicolas and {Coffey}, Damien and {Comerford}, Julia M. and {Comparat}, Johan and {da Costa}, Luiz and {Cousinou}, Marie-Claude and {Covey}, Kevin and {Crane}, Jeffrey D. and {Cunha}, Katia and {Ilha}, Gabriele da Silva and {Dai}, Yu Sophia and {Damsted}, Sanna B. and {Darling}, Jeremy and {Davidson}, James W., Jr. and {Davies}, Roger and {Dawson}, Kyle and {De}, Nikhil and {de la Macorra}, Axel and {De Lee}, Nathan and {Queiroz}, Anna B{\'a}rbara de Andrade and {Deconto Machado}, Alice and {de la Torre}, Sylvain and {Dell'Agli}, Flavia and {du Mas des Bourboux}, H{\'e}lion and {Diamond-Stanic}, Aleksandar M. and {Dillon}, Sean and {Donor}, John and {Drory}, Niv and {Duckworth}, Chris and {Dwelly}, Tom and {Ebelke}, Garrett and {Eftekharzadeh}, Sarah and {Davis Eigenbrot}, Arthur and {Elsworth}, Yvonne P. and {Eracleous}, Mike and {Erfanianfar}, Ghazaleh and {Escoffier}, Stephanie and {Fan}, Xiaohui and {Farr}, Emily and {Fern{\'a}ndez-Trincado}, Jos{\'e} G. and {Feuillet}, Diane and {Finoguenov}, Alexis and {Fofie}, Patricia and {Fraser-McKelvie}, Amelia and {Frinchaboy}, Peter M. and {Fromenteau}, Sebastien and {Fu}, Hai and {Galbany}, Llu{\'\i}s and {Garcia}, Rafael A. and {Garc{\'\i}a-Hern{\'a}ndez}, D.~A. and {Garma Oehmichen}, Luis Alberto and {Ge}, Junqiang and {Geimba Maia}, Marcio Antonio and {Geisler}, Doug and {Gelfand}, Joseph and {Goddy}, Julian and {Gonzalez-Perez}, Violeta and {Grabowski}, Kathleen and {Green}, Paul and {Grier}, Catherine J. and {Guo}, Hong and {Guy}, Julien and {Harding}, Paul and {Hasselquist}, Sten and {Hawken}, Adam James and {Hayes}, Christian R. and {Hearty}, Fred and {Hekker}, S. and {Hogg}, David W. and {Holtzman}, Jon A. and {Horta}, Danny and {Hou}, Jiamin and {Hsieh}, Bau-Ching and {Huber}, Daniel and {Hunt}, Jason A.~S. and {Ider Chitham}, J. and {Imig}, Julie and {Jaber}, Mariana and {Jimenez Angel}, Camilo Eduardo and {Johnson}, Jennifer A. and {Jones}, Amy M. and {J{\"o}nsson}, Henrik and {Jullo}, Eric and {Kim}, Yerim and {Kinemuchi}, Karen and {Kirkpatrick}, Charles C., IV and {Kite}, George W. and {Klaene}, Mark and {Kneib}, Jean-Paul and {Kollmeier}, Juna A. and {Kong}, Hui and {Kounkel}, Marina and {Krishnarao}, Dhanesh and {Lacerna}, Ivan and {Lan}, Ting-Wen and {Lane}, Richard R. and {Law}, David R. and {Le Goff}, Jean-Marc and {Leung}, Henry W. and {Lewis}, Hannah and {Li}, Cheng and {Lian}, Jianhui and {Lin}, Lihwai and {Long}, Dan and {Longa-Pe{\~n}a}, Pen{\'e}lope and {Lundgren}, Britt and {Lyke}, Brad W. and {Mackereth}, J. Ted and {MacLeod}, Chelsea L. and {Majewski}, Steven R. and {Manchado}, Arturo and {Maraston}, Claudia and {Martini}, Paul and {Masseron}, Thomas and {Masters}, Karen L. and {Mathur}, Savita and {McDermid}, Richard M. and {Merloni}, Andrea and {Merrifield}, Michael and {M{\'e}sz{\'a}ros}, Szabolcs and {Miglio}, Andrea and {Minniti}, Dante and {Minsley}, Rebecca and {Miyaji}, Takamitsu and {Mohammad}, Faizan Gohar and {Mosser}, Benoit and {Mueller}, Eva-Maria and {Muna}, Demitri and {Mu{\~n}oz-Guti{\'e}rrez}, Andrea and {Myers}, Adam D. and {Nadathur}, Seshadri and {Nair}, Preethi and {Nandra}, Kirpal and {Correa do Nascimento}, Janaina and {Nevin}, Rebecca Jean and {Newman}, Jeffrey A. and {Nidever}, David L. and {Nitschelm}, Christian and {Noterdaeme}, Pasquier and {O'Connell}, Julia E. and {Olmstead}, Matthew D. and {Oravetz}, Daniel and {Oravetz}, Audrey and {Osorio}, Yeisson and {Pace}, Zachary J. and {Padilla}, Nelson and {Palanque-Delabrouille}, Nathalie and {Palicio}, Pedro A. and {Pan}, Hsi-An and {Pan}, Kaike and {Parker}, James and {Paviot}, Romain and {Peirani}, Sebastien and {Ram{\'r}ez}, Karla Pe{\~n}a and {Penny}, Samantha and {Percival}, Will J. and {Perez-Fournon}, Ismael and {P{\'e}rez-R{\`a}fols}, Ignasi and {Petitjean}, Patrick and {Pieri}, Matthew M. and {Pinsonneault}, Marc and {Poovelil}, Vijith Jacob and {Povick}, Joshua Tyler and {Prakash}, Abhishek and {Price-Whelan}, Adrian M. and {Raddick}, M. Jordan and {Raichoor}, Anand and {Ray}, Amy and {Rembold}, Sandro Barboza and {Rezaie}, Mehdi and {Riffel}, Rogemar A. and {Riffel}, Rog{\'e}rio and {Rix}, Hans-Walter and {Robin}, Annie C. and {Roman-Lopes}, A. and {Rom{\'a}n-Z{\'u}{\~n}iga}, Carlos and {Rose}, Benjamin and {Ross}, Ashley J. and {Rossi}, Graziano and {Rowlands}, Kate and {Rubin}, Kate H.~R. and {Salvato}, Mara and {S{\'a}nchez}, Ariel G. and {S{\'a}nchez-Menguiano}, Laura and {S{\'a}nchez-Gallego}, Jos{\'e} R. and {Sayres}, Conor and {Schaefer}, Adam and {Schiavon}, Ricardo P. and {Schimoia}, Jaderson S. and {Schlafly}, Edward and {Schlegel}, David and {Schneider}, Donald P. and {Schultheis}, Mathias and {Schwope}, Axel and {Seo}, Hee-Jong and {Serenelli}, Aldo and {Shafieloo}, Arman and {Shamsi}, Shoaib Jamal and {Shao}, Zhengyi and {Shen}, Shiyin and {Shetrone}, Matthew and {Shirley}, Raphael and {Silva Aguirre}, V{\'\i}ctor and {Simon}, Joshua D. and {Skrutskie}, M.~F. and {Slosar}, An{\v{z}}e and {Smethurst}, Rebecca and {Sobeck}, Jennifer and {Sodi}, Bernardo Cervantes and {Souto}, Diogo and {Stark}, David V. and {Stassun}, Keivan G. and {Steinmetz}, Matthias and {Stello}, Dennis and {Stermer}, Julianna and {Storchi-Bergmann}, Thaisa and {Streblyanska}, Alina and {Stringfellow}, Guy S. and {Stutz}, Amelia and {Su{\'a}rez}, Genaro and {Sun}, Jing and {Taghizadeh-Popp}, Manuchehr and {Talbot}, Michael S. and {Tayar}, Jamie and {Thakar}, Aniruddha R. and {Theriault}, Riley and {Thomas}, Daniel and {Thomas}, Zak C. and {Tinker}, Jeremy and {Tojeiro}, Rita and {Toledo}, Hector Hernandez and {Tremonti}, Christy A. and {Troup}, Nicholas W. and {Tuttle}, Sarah and {Unda-Sanzana}, Eduardo and {Valentini}, Marica and {Vargas-Gonz{\'a}lez}, Jaime and {Vargas-Maga{\~n}a}, Mariana and {V{\'a}zquez-Mata}, Jose Antonio and {Vivek}, M. and {Wake}, David and {Wang}, Yuting and {Weaver}, Benjamin Alan and {Weijmans}, Anne-Marie and {Wild}, Vivienne and {Wilson}, John C. and {Wilson}, Robert F. and {Wolthuis}, Nathan and {Wood-Vasey}, W.~M. and {Yan}, Renbin and {Yang}, Meng and {Y{\`e}che}, Christophe and {Zamora}, Olga and {Zarrouk}, Pauline and {Zasowski}, Gail and {Zhang}, Kai and {Zhao}, Cheng and {Zhao}, Gongbo and {Zheng}, Zheng and {Zheng}, Zheng and {Zhu}, Guangtun and {Zou}, Hu},
        title = "{The 16th Data Release of the Sloan Digital Sky Surveys: First Release from the APOGEE-2 Southern Survey and Full Release of eBOSS Spectra}",
      journal = {\apjs},
     keywords = {Astronomy databases, Optical telescopes, Infrared astronomy, Redshift surveys, Galactic abundances, Stellar spectral lines, Stellar properties, 83, 1174, 786, 1378, 2002, 1630, 1624, Astrophysics - Astrophysics of Galaxies, Astrophysics - Cosmology and Nongalactic Astrophysics, Astrophysics - Instrumentation and Methods for Astrophysics},
         year = 2020,
        month = jul,
       volume = {249},
       number = {1},
          eid = {3},
        pages = {3},
          doi = {10.3847/1538-4365/ab929e},
archivePrefix = {arXiv},
       eprint = {1912.02905},
 primaryClass = {astro-ph.GA},
       adsurl = {https://ui.adsabs.harvard.edu/abs/2020ApJS..249....3A},
      adsnote = {Provided by the SAO/NASA Astrophysics Data System}
}



@article{gnedin1998ProbingUniverseLyalpha,
  title = {Probing the {{Universe}} with the {{Lyalpha}} Forest - {{I}}. {{Hydrodynamics}} of the Low-Density Intergalactic Medium},
  author = {Gnedin, Nickolay Y. and Hui, Lam},
  year = {1998},
  month = may,
  journal = {Monthly Notices of the Royal Astronomical Society},
  volume = {296},
  pages = {44--55},
  publisher = {OUP},
  doi = {10.1046/j.1365-8711.1998.01249.x},
  url = {https://ui.adsabs.harvard.edu/abs/1998MNRAS.296...44G},
  urldate = {2024-04-19},
  keywords = {Astrophysics,COSMOLOGY: THEORY,HYDRODYNAMICS,INTERGALACTIC MEDIUM,METHODS: NUMERICAL,QUASARS: ABSORPTION LINES}
}


@article{lewis2000EfficientComputationCosmic,
  title = {Efficient {{Computation}} of {{Cosmic Microwave Background Anisotropies}} in {{Closed Friedmann-Robertson-Walker Models}}},
  author = {Lewis, A. and Challinor, A. and Lasenby, A.},
  year = {2000},
  month = aug,
  journal = {{\textbackslash}apj},
  volume = {538},
  pages = {473--476},
  doi = {10.1086/309179},
  keywords = {Cosmology: Cosmic Microwave Background,Cosmology: Theory}
}


@ARTICLE{Horowitz2024,
       author = {{Horowitz}, Benjamin and {de Belsunce}, Roger and {Lukic}, Zarija},
        title = "{Maximum A Posteriori Ly-alpha Estimator (MAPLE): Band-power and covariance estimation of the 3D Ly-alpha forest power spectrum}",
      journal = {arXiv e-prints},
     keywords = {Astrophysics - Cosmology and Nongalactic Astrophysics},
         year = 2024,
        month = mar,
          eid = {arXiv:2403.17294},
        pages = {arXiv:2403.17294},
          doi = {10.48550/arXiv.2403.17294},
archivePrefix = {arXiv},
       eprint = {2403.17294},
 primaryClass = {astro-ph.CO},
       adsurl = {https://ui.adsabs.harvard.edu/abs/2024arXiv240317294H},
      adsnote = {Provided by the SAO/NASA Astrophysics Data System}
}



@ARTICLE{Ivanov2024,
       author = {{Ivanov}, Mikhail M.},
        title = "{Lyman alpha forest power spectrum in effective field theory}",
      journal = {\prd},
     keywords = {Astrophysics - Cosmology and Nongalactic Astrophysics, High Energy Physics - Phenomenology, High Energy Physics - Theory},
         year = 2024,
        month = jan,
       volume = {109},
       number = {2},
          eid = {023507},
        pages = {023507},
          doi = {10.1103/PhysRevD.109.023507},
archivePrefix = {arXiv},
       eprint = {2309.10133},
 primaryClass = {astro-ph.CO},
       adsurl = {https://ui.adsabs.harvard.edu/abs/2024PhRvD.109b3507I},
      adsnote = {Provided by the SAO/NASA Astrophysics Data System}
}



@ARTICLE{ChenVlah2021,
       author = {{Chen}, Shi-Fan and {Vlah}, Zvonimir and {White}, Martin},
        title = "{The Ly{\ensuremath{\alpha}} forest flux correlation function: a perturbation theory perspective}",
      journal = {\jcap},
     keywords = {cosmological parameters from LSS, intergalactic media, Lyman alpha forest, power spectrum, Astrophysics - Cosmology and Nongalactic Astrophysics},
         year = 2021,
        month = may,
       volume = {2021},
       number = {5},
          eid = {053},
        pages = {053},
          doi = {10.1088/1475-7516/2021/05/053},
archivePrefix = {arXiv},
       eprint = {2103.13498},
 primaryClass = {astro-ph.CO},
       adsurl = {https://ui.adsabs.harvard.edu/abs/2021JCAP...05..053C},
      adsnote = {Provided by the SAO/NASA Astrophysics Data System}
}



@ARTICLE{GivansHirata2020,
       author = {{Givans}, Jahmour J. and {Hirata}, Christopher M.},
        title = "{Redshift-space streaming velocity effects on the Lyman-{\ensuremath{\alpha}} forest baryon acoustic oscillation scale}",
      journal = {\prd},
     keywords = {Astrophysics - Cosmology and Nongalactic Astrophysics},
         year = 2020,
        month = jul,
       volume = {102},
       number = {2},
          eid = {023515},
        pages = {023515},
          doi = {10.1103/PhysRevD.102.023515},
archivePrefix = {arXiv},
       eprint = {2002.12296},
 primaryClass = {astro-ph.CO},
       adsurl = {https://ui.adsabs.harvard.edu/abs/2020PhRvD.102b3515G},
      adsnote = {Provided by the SAO/NASA Astrophysics Data System}
}



@article{kaiser1987ClusteringRealSpace,
  title = {Clustering in Real Space and in Redshift Space},
  author = {Kaiser, Nick},
  year = {1987},
  month = jul,
  journal = {Monthly Notices of the Royal Astronomical Society},
  volume = {227},
  number = {1},
  pages = {1--21},
  doi = {10.1093/mnras/227.1.1},
  url = {https://academic.oup.com/mnras/article-lookup/doi/10.1093/mnras/227.1.1},
  urldate = {2021-02-19},
  langid = {english}
}


@Article{   foremanmackey13,
  adsnote = {Provided by the SAO/NASA Astrophysics Data System},
  adsurl  = {http://adsabs.harvard.edu/abs/2013PASP..125..306F},
  author  = {{Foreman-Mackey}, D. and {Hogg}, D.~W. and {Lang}, D. and
      {Goodman}, J.},
  doi   = {10.1086/670067},
  eprint  = {1202.3665},
  eprintclass = {astro-ph.IM},
  eprinttype  = {arXiv},
  journal = {\pasp},
  month   = {03},
  pages   = {306-312},
  title   = {{emcee: The MCMC Hammer}},
  volume  = {125},
  year    = {2013}
}

@article{virtanen2020_SciPyFundamentalalgorithms,
  title = {{{SciPy}} 1.0: Fundamental Algorithms for Scientific Computing in {{Python}}},
  author = {Virtanen, Pauli and Gommers, Ralf and Oliphant, Travis E. and Haberland, Matt and Reddy, Tyler and Cournapeau, David and Burovski, Evgeni and Peterson, Pearu and Weckesser, Warren and Bright, Jonathan and van der Walt, St{\'e}fan J. and Brett, Matthew and Wilson, Joshua and Millman, K. Jarrod and Mayorov, Nikolay and Nelson, Andrew R. J. and Jones, Eric and Kern, Robert and Larson, Eric and Carey, C. J. and Polat, {\.I}lhan and Feng, Yu and Moore, Eric W. and VanderPlas, Jake and Laxalde, Denis and Perktold, Josef and Cimrman, Robert and Henriksen, Ian and Quintero, E. A. and Harris, Charles R. and Archibald, Anne M. and Ribeiro, Ant{\^o}nio H. and Pedregosa, Fabian and van Mulbregt, Paul},
  year = {2020},
  month = mar,
  volume = {17},
  pages = {261--272},
  publisher = {{Nature Publishing Group}},
  issn = {1548-7105},
  doi = {10.1038/s41592-019-0686-2},
  adsurl = {https://www.nature.com/articles/s41592-019-0686-2},
  urldate = {2021-03-04},
  copyright = {2020 The Author(s)},
  journal = {NatMe},
  number = {3}
}


@ARTICLE{NF_medImage,
       author = {{Selvan}, Raghavendra and {Faye}, Frederik and {Middleton}, Jon and {Pai}, Akshay},
        title = "{Uncertainty quantification in medical image segmentation with normalizing flows}",
      journal = {arXiv e-prints},
     keywords = {Statistics - Machine Learning, Computer Science - Computer Vision and Pattern Recognition, Computer Science - Machine Learning},
         year = 2020,
        month = jun,
          eid = {arXiv:2006.02683},
        pages = {arXiv:2006.02683},
          doi = {10.48550/arXiv.2006.02683},
archivePrefix = {arXiv},
       eprint = {2006.02683},
 primaryClass = {stat.ML},
       adsurl = {https://ui.adsabs.harvard.edu/abs/2020arXiv200602683S},
      adsnote = {Provided by the SAO/NASA Astrophysics Data System}
}

@ARTICLE{cNF_Papamakarios,
       author = {{Papamakarios}, George and {Nalisnick}, Eric and {Jimenez Rezende}, Danilo and {Mohamed}, Shakir and {Lakshminarayanan}, Balaji},
        title = "{Normalizing Flows for Probabilistic Modeling and Inference}",
      journal = {arXiv e-prints},
     keywords = {Statistics - Machine Learning, Computer Science - Machine Learning},
         year = 2019,
        month = dec,
          eid = {arXiv:1912.02762},
        pages = {arXiv:1912.02762},
          doi = {10.48550/arXiv.1912.02762},
archivePrefix = {arXiv},
       eprint = {1912.02762},
 primaryClass = {stat.ML},
       adsurl = {https://ui.adsabs.harvard.edu/abs/2019arXiv191202762P},
      adsnote = {Provided by the SAO/NASA Astrophysics Data System}
}

@article{arinyo-i-prats2015NonlinearPowerSpectrum,
  title = {The Non-Linear Power Spectrum of the {{Lyman}} Alpha Forest},
  author = {{Arinyo-i-Prats}, Andreu and {Miralda-Escud{\'e}}, Jordi and Viel, Matteo and Cen, Renyue},
  year = {2015},
  month = dec,
  journal = {JCAP},
  volume = {2015},
  pages = {017--017},
  doi = {10.1088/1475-7516/2015/12/017},
  adsurl = {https://ui.adsabs.harvard.edu/abs/2015JCAP...12..017A},
  urldate = {2022-12-05},
  keywords = {Astrophysics - Cosmology and Nongalactic Astrophysics}
}


@ARTICLE{Winkler2019,
       author = {{Winkler}, Christina and {Worrall}, Daniel and {Hoogeboom}, Emiel and {Welling}, Max},
        title = "{Learning Likelihoods with Conditional Normalizing Flows}",
      journal = {arXiv e-prints},
     keywords = {Computer Science - Machine Learning, Computer Science - Computer Vision and Pattern Recognition, Statistics - Machine Learning},
         year = 2019,
        month = nov,
          eid = {arXiv:1912.00042},
        pages = {arXiv:1912.00042},
          doi = {10.48550/arXiv.1912.00042},
archivePrefix = {arXiv},
       eprint = {1912.00042},
 primaryClass = {cs.LG},
       adsurl = {https://ui.adsabs.harvard.edu/abs/2019arXiv191200042W},
      adsnote = {Provided by the SAO/NASA Astrophysics Data System}
}

@software{freia,
  author = {Ardizzone, Lynton and Bungert, Till and Draxler, Felix and Köthe, Ullrich and Kruse, Jakob and Schmier, Robert and Sorrenson, Peter},
  title = {{Framework for Easily Invertible Architectures (FrEIA)}},
  year = {2018-2022},
  url = {https://github.com/vislearn/FrEIA}
}

@inproceedings{paszke2017automatic,
  title={Automatic differentiation in PyTorch},
  author={Paszke, Adam and Gross, Sam and Chintala, Soumith and Chanan, Gregory and Yang, Edward and DeVito, Zachary and Lin, Zeming and Desmaison, Alban and Antiga, Luca and Lerer, Adam},
  booktitle={NIPS-W},
  year={2017}
}

@ARTICLE{galacticglow,
       author = {{Wolf}, Luca and {Buck}, Tobias},
        title = "{GalacticFlow: Learning a Generalized Representation of Galaxies with Normalizing Flows}",
      journal = {arXiv e-prints},
     keywords = {Astrophysics - Astrophysics of Galaxies},
         year = 2023,
        month = dec,
          eid = {arXiv:2312.06017},
        pages = {arXiv:2312.06017},
          doi = {10.48550/arXiv.2312.06017},
archivePrefix = {arXiv},
       eprint = {2312.06017},
 primaryClass = {astro-ph.GA},
       adsurl = {https://ui.adsabs.harvard.edu/abs/2023arXiv231206017W},
      adsnote = {Provided by the SAO/NASA Astrophysics Data System}
}

@ARTICLE{NF_GW,
       author = {{Sun}, Tian-Yang and {Xiong}, Chun-Yu and {Jin}, Shang-Jie and {Wang}, Yu-Xin and {Zhang}, Jing-Fei and {Zhang}, Xin},
        title = "{Efficient parameter inference for gravitational wave signals in the presence of transient noises using normalizing flow}",
      journal = {arXiv e-prints},
     keywords = {General Relativity and Quantum Cosmology, Astrophysics - Cosmology and Nongalactic Astrophysics, Astrophysics - Instrumentation and Methods for Astrophysics, High Energy Physics - Phenomenology},
         year = 2023,
        month = dec,
          eid = {arXiv:2312.08122},
        pages = {arXiv:2312.08122},
          doi = {10.48550/arXiv.2312.08122},
archivePrefix = {arXiv},
       eprint = {2312.08122},
 primaryClass = {gr-qc},
       adsurl = {https://ui.adsabs.harvard.edu/abs/2023arXiv231208122S},
      adsnote = {Provided by the SAO/NASA Astrophysics Data System}
}

@ARTICLE{NF_kwon,
       author = {{Kwon}, K.~J. and {Hahn}, ChangHoon},
        title = "{Modeling the Kinematics of Central and Satellite Galaxies Using Normalizing Flows}",
      journal = {arXiv e-prints},
     keywords = {Astrophysics - Astrophysics of Galaxies, Astrophysics - Cosmology and Nongalactic Astrophysics},
         year = 2024,
        month = jan,
          eid = {arXiv:2401.12318},
        pages = {arXiv:2401.12318},
          doi = {10.48550/arXiv.2401.12318},
archivePrefix = {arXiv},
       eprint = {2401.12318},
 primaryClass = {astro-ph.GA},
       adsurl = {https://ui.adsabs.harvard.edu/abs/2024arXiv240112318K},
      adsnote = {Provided by the SAO/NASA Astrophysics Data System}
}






@proceedings{NF_geo,
    author = {Lee, Jinwoo  and Kwon, Minsu  and Hong, Youngjun},
    title = "{Predicting Porosity and Water Saturation from Well-Log Data Using Probabilistic Multi-Task Neural Network with Normalizing Flows}",
    volume = {Day 1 Mon, August 16, 2021},
    series = {OTC Offshore Technology Conference},
    pages = {D011S005R006},
    year = {2021},
    month = {08},
    doi = {10.4043/31085-MS},
    url = {https://doi.org/10.4043/31085-MS}
}
    eprint = {https://onepetro.org/OTCONF/proceedings-pdf/21OTC/1-21OTC/D011S005R006/2524809/otc-31085-ms.pdf},
}






%INTRO

@INPROCEEDINGS{lyareview_weinberg03,
       author = {{Weinberg}, David H. and {Dav{\'e}}, Romeel and {Katz}, Neal and {Kollmeier}, Juna A.},
        title = "{The Lyman-{\ensuremath{\alpha}} Forest as a Cosmological Tool}",
     keywords = {98.62.Ra, 98.80.Es, 95.35.+d, Intergalactic matter, quasar absorption and emission-line systems, Lyman forest, Observational cosmology, Dark matter, Astrophysics},
    booktitle = {The Emergence of Cosmic Structure},
         year = 2003,
       editor = {{Holt}, Stephen H. and {Reynolds}, Christopher S.},
       series = {American Institute of Physics Conference Series},
       volume = {666},
        month = may,
        pages = {157-169},
          doi = {10.1063/1.1581786},
archivePrefix = {arXiv},
       eprint = {astro-ph/0301186},
 primaryClass = {astro-ph},
       adsurl = {https://ui.adsabs.harvard.edu/abs/2003AIPC..666..157W},
      adsnote = {Provided by the SAO/NASA Astrophysics Data System}
}

@ARTICLE{p1d_PalanqueDelabrouille2013,
       author = {{Palanque-Delabrouille}, Nathalie and {Y{\`e}che}, Christophe and {Borde}, Arnaud and {Le Goff}, Jean-Marc and {Rossi}, Graziano and {Viel}, Matteo and {Aubourg}, {\'E}ric and {Bailey}, Stephen and {Bautista}, Julian and {Blomqvist}, Michael and {Bolton}, Adam and {Bolton}, James S. and {Busca}, Nicol{\'a}s G. and {Carithers}, Bill and {Croft}, Rupert A.~C. and {Dawson}, Kyle S. and {Delubac}, Timoth{\'e}e and {Font-Ribera}, Andreu and {Ho}, Shirley and {Kirkby}, David and {Lee}, Khee-Gan and {Margala}, Daniel and {Miralda-Escud{\'e}}, Jordi and {Muna}, Demitri and {Myers}, Adam D. and {Noterdaeme}, Pasquier and {P{\^a}ris}, Isabelle and {Petitjean}, Patrick and {Pieri}, Matthew M. and {Rich}, James and {Rollinde}, Emmanuel and {Ross}, Nicholas P. and {Schlegel}, David J. and {Schneider}, Donald P. and {Slosar}, An{\v{z}}e and {Weinberg}, David H.},
        title = "{The one-dimensional Ly{\ensuremath{\alpha}} forest power spectrum from BOSS}",
      journal = {\aap},
     keywords = {cosmology: observations, large-scale structure of Universe, intergalactic medium, cosmological parameters, Astrophysics - Cosmology and Extragalactic Astrophysics},
         year = 2013,
        month = nov,
       volume = {559},
          eid = {A85},
        pages = {A85},
          doi = {10.1051/0004-6361/201322130},
archivePrefix = {arXiv},
       eprint = {1306.5896},
 primaryClass = {astro-ph.CO},
       adsurl = {https://ui.adsabs.harvard.edu/abs/2013A&A...559A..85P},
      adsnote = {Provided by the SAO/NASA Astrophysics Data System}
}


@ARTICLE{p1d_mcDonald2000,
       author = {{McDonald}, Patrick and {Miralda-Escud{\'e}}, Jordi and {Rauch}, Michael and {Sargent}, Wallace L.~W. and {Barlow}, Tom A. and {Cen}, Renyue and {Ostriker}, Jeremiah P.},
        title = "{The Observed Probability Distribution Function, Power Spectrum, and Correlation Function of the Transmitted Flux in the Ly{\ensuremath{\alpha}} Forest}",
      journal = {\apj},
     keywords = {Cosmology: Observations, Galaxies: Intergalactic Medium, Cosmology: Large-Scale Structure of Universe, Galaxies: Quasars: Absorption Lines, Astrophysics},
         year = 2000,
        month = nov,
       volume = {543},
       number = {1},
        pages = {1-23},
          doi = {10.1086/317079},
archivePrefix = {arXiv},
       eprint = {astro-ph/9911196},
 primaryClass = {astro-ph},
       adsurl = {https://ui.adsabs.harvard.edu/abs/2000ApJ...543....1M},
      adsnote = {Provided by the SAO/NASA Astrophysics Data System}
}

@article{armengaud2017ConstrainingMassLight,
  title = {Constraining the Mass of Light Bosonic Dark Matter Using {{SDSS Lyman-$\alpha$}} Forest},
  author = {Armengaud, Eric and {Palanque-Delabrouille}, Nathalie and Y{\`e}che, Christophe and Marsh, David J. E. and Baur, Julien},
  year = {2017},
  month = nov,
  journal = {Monthly Notices of the Royal Astronomical Society},
  volume = {471},
  pages = {4606--4614},
  doi = {10.1093/mnras/stx1870},
  url = {https://ui.adsabs.harvard.edu/abs/2017MNRAS.471.4606A},
  urldate = {2023-05-11},
  keywords = {Astrophysics - Cosmology and Nongalactic Astrophysics,dark matter,large-scale structure of Universe}
}

@article{baur2016LymanalphaForestsCoola,
  title = {Lyman-Alpha Forests Cool Warm Dark Matter},
  author = {Baur, Julien and {Palanque-Delabrouille}, Nathalie and Y{\`e}che, Christophe and Magneville, Christophe and Viel, Matteo},
  year = {2016},
  month = aug,
  journal = {Journal of Cosmology and Astroparticle Physics},
  volume = {2016},
  pages = {012},
  doi = {10.1088/1475-7516/2016/08/012},
  url = {https://ui.adsabs.harvard.edu/abs/2016JCAP...08..012B},
  urldate = {2023-05-11},
  keywords = {Astrophysics - Cosmology and Nongalactic Astrophysics}
}

@article{baur2017ConstraintsLyaForests,
  title = {Constraints from {{Ly-$\alpha$}} Forests on Non-Thermal Dark Matter Including Resonantly-Produced Sterile Neutrinos},
  author = {Baur, Julien and {Palanque-Delabrouille}, Nathalie and Y{\`e}che, Christophe and Boyarsky, Alexey and Ruchayskiy, Oleg and Armengaud, {\'E}ric and Lesgourgues, Julien},
  year = {2017},
  month = dec,
  journal = {Journal of Cosmology and Astroparticle Physics},
  volume = {2017},
  pages = {013},
  doi = {10.1088/1475-7516/2017/12/013},
  url = {https://ui.adsabs.harvard.edu/abs/2017JCAP...12..013B},
  urldate = {2023-05-11},
  keywords = {Astrophysics - Cosmology and Nongalactic Astrophysics}
}

@article{irsic2017FirstConstraintsFuzzy,
  title = {First {{Constraints}} on {{Fuzzy Dark Matter}} from {{Lyman-$\alpha$ Forest Data}} and {{Hydrodynamical Simulations}}},
  author = {Ir{\v s}i{\v c}, Vid and Viel, Matteo and Haehnelt, Martin G. and Bolton, James S. and Becker, George D.},
  year = {2017},
  month = jul,
  journal = {Physical Review Letters},
  volume = {119},
  pages = {031302},
  doi = {10.1103/PhysRevLett.119.031302},
  url = {https://ui.adsabs.harvard.edu/abs/2017PhRvL.119c1302I},
  urldate = {2023-05-11},
  keywords = {Astrophysics - Cosmology and Nongalactic Astrophysics,High Energy Physics - Theory}
}

@article{font-ribera2014DESIOtherDark,
  title = {{{DESI}} and Other {{Dark Energy}} Experiments in the Era of Neutrino Mass Measurements},
  author = {{Font-Ribera}, Andreu and McDonald, Patrick and Mostek, Nick and Reid, Beth A. and Seo, Hee-Jong and Slosar, An{\v z}e},
  year = {2014},
  month = may,
  journal = {Journal of Cosmology and Astroparticle Physics},
  volume = {2014},
  pages = {023},
  doi = {10.1088/1475-7516/2014/05/023},
  url = {https://ui.adsabs.harvard.edu/abs/2014JCAP...05..023F},
  urldate = {2023-05-11},
  keywords = {Astrophysics - Cosmology and Nongalactic Astrophysics}
}

@article{habib2007CosmicCalibrationConstraints,
  title = {Cosmic Calibration: {{Constraints}} from the Matter Power Spectrum and the Cosmic Microwave Background},
  author = {Habib, Salman and Heitmann, Katrin and Higdon, David and Nakhleh, Charles and Williams, Brian},
  year = {2007},
  month = oct,
  journal = {Physical Review D},
  volume = {76},
  pages = {083503},
  doi = {10.1103/PhysRevD.76.083503},
  url = {https://ui.adsabs.harvard.edu/abs/2007PhRvD..76h3503H},
  urldate = {2023-05-11},
  keywords = {02.50.-r,98.80.-k,Astrophysics,Cosmology,Probability theory stochastic processes and statistics}
}

@article{mackay1998introduction,
  title={Introduction to Gaussian processes},
  author={MacKay, David JC and others},
  journal={NATO ASI series F computer and systems sciences},
  volume={168},
  pages={133--166},
  year={1998},
  publisher={Citeseer}
}

@article{mcculloch1943logical,
  title={A logical calculus of the ideas immanent in nervous activity},
  author={McCulloch, Warren S and Pitts, Walter},
  journal={The bulletin of mathematical biophysics},
  volume={5},
  number={4},
  pages={115--133},
  year={1943},
  publisher={Springer}
}

@article{sacks1989DesignAnalysisComputer,
  title = {Design and {{Analysis}} of {{Computer Experiments}}},
  author = {Sacks, Jerome and Welch, William J. and Mitchell, Toby J. and Wynn, Henry P.},
  year = {1989},
  month = nov,
  journal = {Statistical Science},
  volume = {4},
  number = {4},
  pages = {409--423},
  publisher = {{Institute of Mathematical Statistics}},
  doi = {10.1214/ss/1177012413},
  url = {https://projecteuclid.org/journals/statistical-science/volume-4/issue-4/Design-and-Analysis-of-Computer-Experiments/10.1214/ss/1177012413.full},
  urldate = {2023-05-11},
  keywords = {computer-aided design,Experimental design,kriging,response surface,spatial statistics}
}


@article{heitmann2006CosmicCalibrationa,
  title = {Cosmic {{Calibration}}},
  author = {Heitmann, Katrin and Higdon, David and Nakhleh, Charles and Habib, Salman},
  year = {2006},
  month = jul,
  journal = {The Astrophysical Journal},
  volume = {646},
  pages = {L1-L4},
  doi = {10.1086/506448},
  url = {https://ui.adsabs.harvard.edu/abs/2006ApJ...646L...1H},
  urldate = {2023-05-11},
  keywords = {Astrophysics,Cosmology: Cosmological Parameters,Cosmology: Theory}
}



@article{viel2006CosmologicalAstrophysicalParameters,
  title = {Cosmological and Astrophysical Parameters from the {{Sloan Digital Sky Survey}} Flux Power Spectrum and Hydrodynamical Simulations of the {{Lyman}} {$\alpha$} Forest},
  author = {Viel, Matteo and Haehnelt, Martin G.},
  year = {2006},
  month = jan,
  journal = {Monthly Notices of the Royal Astronomical Society},
  volume = {365},
  pages = {231--244},
  doi = {10.1111/j.1365-2966.2005.09703.x},
  url = {https://ui.adsabs.harvard.edu/abs/2006MNRAS.365..231V},
  urldate = {2023-05-11},
  keywords = {Astrophysics,cosmological parameters,intergalactic medium,large-scale structure of Universe,quasars: absorption lines}
}

@article{lee2015IGMConstraintsSDSSIII,
  title = {{{IGM Constraints}} from the {{SDSS-III}}/{{BOSS DR9 Ly$\alpha$ Forest Transmission Probability Distribution Function}}},
  author = {Lee, Khee-Gan and Hennawi, Joseph F. and Spergel, David N. and Weinberg, David H. and Hogg, David W. and Viel, Matteo and Bolton, James S. and Bailey, Stephen and Pieri, Matthew M. and Carithers, William and Schlegel, David J. and Lundgren, Britt and {Palanque-Delabrouille}, Nathalie and Suzuki, Nao and Schneider, Donald P. and Y{\`e}che, Christophe},
  year = {2015},
  month = feb,
  journal = {The Astrophysical Journal},
  volume = {799},
  pages = {196},
  doi = {10.1088/0004-637X/799/2/196},
  url = {https://ui.adsabs.harvard.edu/abs/2015ApJ...799..196L},
  urldate = {2023-05-11},
  keywords = {Astrophysics - Cosmology and Nongalactic Astrophysics,intergalactic medium,large-scale structure of universe,methods: data analysis,quasars: absorption lines,quasars: emission lines,techniques: spectroscopic}
}

@article{mcquinn2016EvolutionIntergalacticMedium,
  title = {The {{Evolution}} of the {{Intergalactic Medium}}},
  author = {McQuinn, Matthew},
  year = {2016},
  month = sep,
  journal = {Annual Review of Astronomy and Astrophysics},
  volume = {54},
  pages = {313--362},
  doi = {10.1146/annurev-astro-082214-122355},
  url = {https://ui.adsabs.harvard.edu/abs/2016ARA&A..54..313M},
  urldate = {2023-05-11},
  keywords = {Astrophysics - Cosmology and Nongalactic Astrophysics}
}

@article{meiksin2009PhysicsIntergalacticMedium,
  title = {The Physics of the Intergalactic Medium},
  author = {Meiksin, Avery A.},
  year = {2009},
  month = oct,
  journal = {Reviews of Modern Physics},
  volume = {81},
  pages = {1405--1469},
  doi = {10.1103/RevModPhys.81.1405},
  url = {https://ui.adsabs.harvard.edu/abs/2009RvMP...81.1405M},
  urldate = {2023-05-11},
  keywords = {95.30.Dr,95.35.+d,98.62.Ra,98.80.-k,Astrophysics,Atomic processes and interactions,Cosmology,Dark matter,Intergalactic matter,Lyman forest,Physics - General Physics,quasar absorption and emission-line systems}
}

@article{zaldarriaga2001ConstraintsLyaForest,
  title = {Constraints from the {{Ly$\alpha$ Forest Power Spectrum}}},
  author = {Zaldarriaga, Matias and Hui, Lam and Tegmark, Max},
  year = {2001},
  month = aug,
  journal = {The Astrophysical Journal},
  volume = {557},
  pages = {519--526},
  doi = {10.1086/321652},
  url = {https://ui.adsabs.harvard.edu/abs/2001ApJ...557..519Z},
  urldate = {2023-05-11},
  keywords = {Astrophysics,Cosmology: Large-Scale Structure of Universe,Cosmology: Theory,Galaxies: Intergalactic Medium,Galaxies: Quasars: Absorption Lines,Methods: Data Analysis}
}


@article{p1d_Kim2003,
    author = "Kim, T. S. and Viel, M. and Haehnelt, M. G. and Carswell, R. F. and Cristiani, S.",
    title = "{The power spectrum of the flux distribution in the lyman-alpha forest of a large sample of uves qso absorption spectra (luqas)}",
    eprint = "astro-ph/0308103",
    archivePrefix = "arXiv",
    doi = "10.1111/j.1365-2966.2004.07221.x",
    journal = "Mon. Not. Roy. Astron. Soc.",
    volume = "347",
    pages = "355",
    year = "2004"
}

@ARTICLE{boss_dawson2013,
       author = {{Dawson}, Kyle S. and {Schlegel}, David J. and {Ahn}, Christopher P. and {Anderson}, Scott F. and {Aubourg}, {\'E}ric and {Bailey}, Stephen and {Barkhouser}, Robert H. and {Bautista}, Julian E. and {Beifiori}, Alessandra and {Berlind}, Andreas A. and {Bhardwaj}, Vaishali and {Bizyaev}, Dmitry and {Blake}, Cullen H. and {Blanton}, Michael R. and {Blomqvist}, Michael and {Bolton}, Adam S. and {Borde}, Arnaud and {Bovy}, Jo and {Brandt}, W.~N. and {Brewington}, Howard and {Brinkmann}, Jon and {Brown}, Peter J. and {Brownstein}, Joel R. and {Bundy}, Kevin and {Busca}, N.~G. and {Carithers}, William and {Carnero}, Aurelio R. and {Carr}, Michael A. and {Chen}, Yanmei and {Comparat}, Johan and {Connolly}, Natalia and {Cope}, Frances and {Croft}, Rupert A.~C. and {Cuesta}, Antonio J. and {da Costa}, Luiz N. and {Davenport}, James R.~A. and {Delubac}, Timoth{\'e}e and {de Putter}, Roland and {Dhital}, Saurav and {Ealet}, Anne and {Ebelke}, Garrett L. and {Eisenstein}, Daniel J. and {Escoffier}, S. and {Fan}, Xiaohui and {Filiz Ak}, N. and {Finley}, Hayley and {Font-Ribera}, Andreu and {G{\'e}nova-Santos}, R. and {Gunn}, James E. and {Guo}, Hong and {Haggard}, Daryl and {Hall}, Patrick B. and {Hamilton}, Jean-Christophe and {Harris}, Ben and {Harris}, David W. and {Ho}, Shirley and {Hogg}, David W. and {Holder}, Diana and {Honscheid}, Klaus and {Huehnerhoff}, Joe and {Jordan}, Beatrice and {Jordan}, Wendell P. and {Kauffmann}, Guinevere and {Kazin}, Eyal A. and {Kirkby}, David and {Klaene}, Mark A. and {Kneib}, Jean-Paul and {Le Goff}, Jean-Marc and {Lee}, Khee-Gan and {Long}, Daniel C. and {Loomis}, Craig P. and {Lundgren}, Britt and {Lupton}, Robert H. and {Maia}, Marcio A.~G. and {Makler}, Martin and {Malanushenko}, Elena and {Malanushenko}, Viktor and {Mandelbaum}, Rachel and {Manera}, Marc and {Maraston}, Claudia and {Margala}, Daniel and {Masters}, Karen L. and {McBride}, Cameron K. and {McDonald}, Patrick and {McGreer}, Ian D. and {McMahon}, Richard G. and {Mena}, Olga and {Miralda-Escud{\'e}}, Jordi and {Montero-Dorta}, Antonio D. and {Montesano}, Francesco and {Muna}, Demitri and {Myers}, Adam D. and {Naugle}, Tracy and {Nichol}, Robert C. and {Noterdaeme}, Pasquier and {Nuza}, Sebasti{\'a}n E. and {Olmstead}, Matthew D. and {Oravetz}, Audrey and {Oravetz}, Daniel J. and {Owen}, Russell and {Padmanabhan}, Nikhil and {Palanque-Delabrouille}, Nathalie and {Pan}, Kaike and {Parejko}, John K. and {P{\^a}ris}, Isabelle and {Percival}, Will J. and {P{\'e}rez-Fournon}, Ismael and {P{\'e}rez-R{\`a}fols}, Ignasi and {Petitjean}, Patrick and {Pfaffenberger}, Robert and {Pforr}, Janine and {Pieri}, Matthew M. and {Prada}, Francisco and {Price-Whelan}, Adrian M. and {Raddick}, M. Jordan and {Rebolo}, Rafael and {Rich}, James and {Richards}, Gordon T. and {Rockosi}, Constance M. and {Roe}, Natalie A. and {Ross}, Ashley J. and {Ross}, Nicholas P. and {Rossi}, Graziano and {Rubi{\~n}o-Martin}, J.~A. and {Samushia}, Lado and {S{\'a}nchez}, Ariel G. and {Sayres}, Conor and {Schmidt}, Sarah J. and {Schneider}, Donald P. and {Sc{\'o}ccola}, C.~G. and {Seo}, Hee-Jong and {Shelden}, Alaina and {Sheldon}, Erin and {Shen}, Yue and {Shu}, Yiping and {Slosar}, An{\v{z}}e and {Smee}, Stephen A. and {Snedden}, Stephanie A. and {Stauffer}, Fritz and {Steele}, Oliver and {Strauss}, Michael A. and {Streblyanska}, Alina and {Suzuki}, Nao and {Swanson}, Molly E.~C. and {Tal}, Tomer and {Tanaka}, Masayuki and {Thomas}, Daniel and {Tinker}, Jeremy L. and {Tojeiro}, Rita and {Tremonti}, Christy A. and {Vargas Maga{\~n}a}, M. and {Verde}, Licia and {Viel}, Matteo and {Wake}, David A. and {Watson}, Mike and {Weaver}, Benjamin A. and {Weinberg}, David H. and {Weiner}, Benjamin J. and {West}, Andrew A. and {White}, Martin and {Wood-Vasey}, W.~M. and {Yeche}, Christophe and {Zehavi}, Idit and {Zhao}, Gong-Bo and {Zheng}, Zheng},
        title = "{The Baryon Oscillation Spectroscopic Survey of SDSS-III}",
      journal = {\aj},
     keywords = {cosmology: observations, surveys, Astrophysics - Cosmology and Nongalactic Astrophysics},
         year = 2013,
        month = jan,
       volume = {145},
       number = {1},
          eid = {10},
        pages = {10},
          doi = {10.1088/0004-6256/145/1/10},
archivePrefix = {arXiv},
       eprint = {1208.0022},
 primaryClass = {astro-ph.CO},
       adsurl = {https://ui.adsabs.harvard.edu/abs/2013AJ....145...10D},
      adsnote = {Provided by the SAO/NASA Astrophysics Data System}
}

@ARTICLE{eboss_dawson2016,
       author = {{Dawson}, Kyle S. and {Kneib}, Jean-Paul and {Percival}, Will J. and {Alam}, Shadab and {Albareti}, Franco D. and {Anderson}, Scott F. and {Armengaud}, Eric and {Aubourg}, {\'E}ric and {Bailey}, Stephen and {Bautista}, Julian E. and {Berlind}, Andreas A. and {Bershady}, Matthew A. and {Beutler}, Florian and {Bizyaev}, Dmitry and {Blanton}, Michael R. and {Blomqvist}, Michael and {Bolton}, Adam S. and {Bovy}, Jo and {Brandt}, W.~N. and {Brinkmann}, Jon and {Brownstein}, Joel R. and {Burtin}, Etienne and {Busca}, N.~G. and {Cai}, Zheng and {Chuang}, Chia-Hsun and {Clerc}, Nicolas and {Comparat}, Johan and {Cope}, Frances and {Croft}, Rupert A.~C. and {Cruz-Gonzalez}, Irene and {da Costa}, Luiz N. and {Cousinou}, Marie-Claude and {Darling}, Jeremy and {de la Macorra}, Axel and {de la Torre}, Sylvain and {Delubac}, Timoth{\'e}e and {du Mas des Bourboux}, H{\'e}lion and {Dwelly}, Tom and {Ealet}, Anne and {Eisenstein}, Daniel J. and {Eracleous}, Michael and {Escoffier}, S. and {Fan}, Xiaohui and {Finoguenov}, Alexis and {Font-Ribera}, Andreu and {Frinchaboy}, Peter and {Gaulme}, Patrick and {Georgakakis}, Antonis and {Green}, Paul and {Guo}, Hong and {Guy}, Julien and {Ho}, Shirley and {Holder}, Diana and {Huehnerhoff}, Joe and {Hutchinson}, Timothy and {Jing}, Yipeng and {Jullo}, Eric and {Kamble}, Vikrant and {Kinemuchi}, Karen and {Kirkby}, David and {Kitaura}, Francisco-Shu and {Klaene}, Mark A. and {Laher}, Russ R. and {Lang}, Dustin and {Laurent}, Pierre and {Le Goff}, Jean-Marc and {Li}, Cheng and {Liang}, Yu and {Lima}, Marcos and {Lin}, Qiufan and {Lin}, Weipeng and {Lin}, Yen-Ting and {Long}, Daniel C. and {Lundgren}, Britt and {MacDonald}, Nicholas and {Geimba Maia}, Marcio Antonio and {Malanushenko}, Elena and {Malanushenko}, Viktor and {Mariappan}, Vivek and {McBride}, Cameron K. and {McGreer}, Ian D. and {M{\'e}nard}, Brice and {Merloni}, Andrea and {Meza}, Andres and {Montero-Dorta}, Antonio D. and {Muna}, Demitri and {Myers}, Adam D. and {Nandra}, Kirpal and {Naugle}, Tracy and {Newman}, Jeffrey A. and {Noterdaeme}, Pasquier and {Nugent}, Peter and {Ogando}, Ricardo and {Olmstead}, Matthew D. and {Oravetz}, Audrey and {Oravetz}, Daniel J. and {Padmanabhan}, Nikhil and {Palanque-Delabrouille}, Nathalie and {Pan}, Kaike and {Parejko}, John K. and {P{\^a}ris}, Isabelle and {Peacock}, John A. and {Petitjean}, Patrick and {Pieri}, Matthew M. and {Pisani}, Alice and {Prada}, Francisco and {Prakash}, Abhishek and {Raichoor}, Anand and {Reid}, Beth and {Rich}, James and {Ridl}, Jethro and {Rodriguez-Torres}, Sergio and {Carnero Rosell}, Aurelio and {Ross}, Ashley J. and {Rossi}, Graziano and {Ruan}, John and {Salvato}, Mara and {Sayres}, Conor and {Schneider}, Donald P. and {Schlegel}, David J. and {Seljak}, Uros and {Seo}, Hee-Jong and {Sesar}, Branimir and {Shandera}, Sarah and {Shu}, Yiping and {Slosar}, An{\v{z}}e and {Sobreira}, Flavia and {Streblyanska}, Alina and {Suzuki}, Nao and {Taylor}, Donna and {Tao}, Charling and {Tinker}, Jeremy L. and {Tojeiro}, Rita and {Vargas-Maga{\~n}a}, Mariana and {Wang}, Yuting and {Weaver}, Benjamin A. and {Weinberg}, David H. and {White}, Martin and {Wood-Vasey}, W.~M. and {Yeche}, Christophe and {Zhai}, Zhongxu and {Zhao}, Cheng and {Zhao}, Gong-bo and {Zheng}, Zheng and {Ben Zhu}, Guangtun and {Zou}, Hu},
        title = "{The SDSS-IV Extended Baryon Oscillation Spectroscopic Survey: Overview and Early Data}",
      journal = {\aj},
     keywords = {cosmology: observations, surveys, Astrophysics - Cosmology and Nongalactic Astrophysics},
         year = 2016,
        month = feb,
       volume = {151},
       number = {2},
          eid = {44},
        pages = {44},
          doi = {10.3847/0004-6256/151/2/44},
archivePrefix = {arXiv},
       eprint = {1508.04473},
 primaryClass = {astro-ph.CO},
       adsurl = {https://ui.adsabs.harvard.edu/abs/2016AJ....151...44D},
      adsnote = {Provided by the SAO/NASA Astrophysics Data System}
}

@ARTICLE{DESI_collab2016,
       author = {{DESI Collaboration} and {Aghamousa}, Amir and {Aguilar}, Jessica and {Ahlen}, Steve and {Alam}, Shadab and {Allen}, Lori E. and {Allende Prieto}, Carlos and {Annis}, James and {Bailey}, Stephen and {Balland}, Christophe and {Ballester}, Otger and {Baltay}, Charles and {Beaufore}, Lucas and {Bebek}, Chris and {Beers}, Timothy C. and {Bell}, Eric F. and {Bernal}, Jos{\'e} Luis and {Besuner}, Robert and {Beutler}, Florian and {Blake}, Chris and {Bleuler}, Hannes and {Blomqvist}, Michael and {Blum}, Robert and {Bolton}, Adam S. and {Briceno}, Cesar and {Brooks}, David and {Brownstein}, Joel R. and {Buckley-Geer}, Elizabeth and {Burden}, Angela and {Burtin}, Etienne and {Busca}, Nicolas G. and {Cahn}, Robert N. and {Cai}, Yan-Chuan and {Cardiel-Sas}, Laia and {Carlberg}, Raymond G. and {Carton}, Pierre-Henri and {Casas}, Ricard and {Castander}, Francisco J. and {Cervantes-Cota}, Jorge L. and {Claybaugh}, Todd M. and {Close}, Madeline and {Coker}, Carl T. and {Cole}, Shaun and {Comparat}, Johan and {Cooper}, Andrew P. and {Cousinou}, M. -C. and {Crocce}, Martin and {Cuby}, Jean-Gabriel and {Cunningham}, Daniel P. and {Davis}, Tamara M. and {Dawson}, Kyle S. and {de la Macorra}, Axel and {De Vicente}, Juan and {Delubac}, Timoth{\'e}e and {Derwent}, Mark and {Dey}, Arjun and {Dhungana}, Govinda and {Ding}, Zhejie and {Doel}, Peter and {Duan}, Yutong T. and {Ealet}, Anne and {Edelstein}, Jerry and {Eftekharzadeh}, Sarah and {Eisenstein}, Daniel J. and {Elliott}, Ann and {Escoffier}, St{\'e}phanie and {Evatt}, Matthew and {Fagrelius}, Parker and {Fan}, Xiaohui and {Fanning}, Kevin and {Farahi}, Arya and {Farihi}, Jay and {Favole}, Ginevra and {Feng}, Yu and {Fernandez}, Enrique and {Findlay}, Joseph R. and {Finkbeiner}, Douglas P. and {Fitzpatrick}, Michael J. and {Flaugher}, Brenna and {Flender}, Samuel and {Font-Ribera}, Andreu and {Forero-Romero}, Jaime E. and {Fosalba}, Pablo and {Frenk}, Carlos S. and {Fumagalli}, Michele and {Gaensicke}, Boris T. and {Gallo}, Giuseppe and {Garcia-Bellido}, Juan and {Gaztanaga}, Enrique and {Pietro Gentile Fusillo}, Nicola and {Gerard}, Terry and {Gershkovich}, Irena and {Giannantonio}, Tommaso and {Gillet}, Denis and {Gonzalez-de-Rivera}, Guillermo and {Gonzalez-Perez}, Violeta and {Gott}, Shelby and {Graur}, Or and {Gutierrez}, Gaston and {Guy}, Julien and {Habib}, Salman and {Heetderks}, Henry and {Heetderks}, Ian and {Heitmann}, Katrin and {Hellwing}, Wojciech A. and {Herrera}, David A. and {Ho}, Shirley and {Holland}, Stephen and {Honscheid}, Klaus and {Huff}, Eric and {Hutchinson}, Timothy A. and {Huterer}, Dragan and {Hwang}, Ho Seong and {Illa Laguna}, Joseph Maria and {Ishikawa}, Yuzo and {Jacobs}, Dianna and {Jeffrey}, Niall and {Jelinsky}, Patrick and {Jennings}, Elise and {Jiang}, Linhua and {Jimenez}, Jorge and {Johnson}, Jennifer and {Joyce}, Richard and {Jullo}, Eric and {Juneau}, St{\'e}phanie and {Kama}, Sami and {Karcher}, Armin and {Karkar}, Sonia and {Kehoe}, Robert and {Kennamer}, Noble and {Kent}, Stephen and {Kilbinger}, Martin and {Kim}, Alex G. and {Kirkby}, David and {Kisner}, Theodore and {Kitanidis}, Ellie and {Kneib}, Jean-Paul and {Koposov}, Sergey and {Kovacs}, Eve and {Koyama}, Kazuya and {Kremin}, Anthony and {Kron}, Richard and {Kronig}, Luzius and {Kueter-Young}, Andrea and {Lacey}, Cedric G. and {Lafever}, Robin and {Lahav}, Ofer and {Lambert}, Andrew and {Lampton}, Michael and {Landriau}, Martin and {Lang}, Dustin and {Lauer}, Tod R. and {Le Goff}, Jean-Marc and {Le Guillou}, Laurent and {Le Van Suu}, Auguste and {Lee}, Jae Hyeon and {Lee}, Su-Jeong and {Leitner}, Daniela and {Lesser}, Michael and {Levi}, Michael E. and {L'Huillier}, Benjamin and {Li}, Baojiu and {Liang}, Ming and {Lin}, Huan and {Linder}, Eric and {Loebman}, Sarah R. and {Luki{\'c}}, Zarija and {Ma}, Jun and {MacCrann}, Niall and {Magneville}, Christophe and {Makarem}, Laleh and {Manera}, Marc and {Manser}, Christopher J. and {Marshall}, Robert and {Martini}, Paul and {Massey}, Richard and {Matheson}, Thomas and {McCauley}, Jeremy and {McDonald}, Patrick and {McGreer}, Ian D. and {Meisner}, Aaron and {Metcalfe}, Nigel and {Miller}, Timothy N. and {Miquel}, Ramon and {Moustakas}, John and {Myers}, Adam and {Naik}, Milind and {Newman}, Jeffrey A. and {Nichol}, Robert C. and {Nicola}, Andrina and {Nicolati da Costa}, Luiz and {Nie}, Jundan and {Niz}, Gustavo and {Norberg}, Peder and {Nord}, Brian and {Norman}, Dara and {Nugent}, Peter and {O'Brien}, Thomas and {Oh}, Minji and {Olsen}, Knut A.~G. and {Padilla}, Cristobal and {Padmanabhan}, Hamsa and {Padmanabhan}, Nikhil and {Palanque-Delabrouille}, Nathalie and {Palmese}, Antonella and {Pappalardo}, Daniel and {P{\^a}ris}, Isabelle and {Park}, Changbom and {Patej}, Anna and {Peacock}, John A. and {Peiris}, Hiranya V. and {Peng}, Xiyan and {Percival}, Will J. and {Perruchot}, Sandrine and {Pieri}, Matthew M. and {Pogge}, Richard and {Pollack}, Jennifer E. and {Poppett}, Claire and {Prada}, Francisco and {Prakash}, Abhishek and {Probst}, Ronald G. and {Rabinowitz}, David and {Raichoor}, Anand and {Ree}, Chang Hee and {Refregier}, Alexandre and {Regal}, Xavier and {Reid}, Beth and {Reil}, Kevin and {Rezaie}, Mehdi and {Rockosi}, Constance M. and {Roe}, Natalie and {Ronayette}, Samuel and {Roodman}, Aaron and {Ross}, Ashley J. and {Ross}, Nicholas P. and {Rossi}, Graziano and {Rozo}, Eduardo and {Ruhlmann-Kleider}, Vanina and {Rykoff}, Eli S. and {Sabiu}, Cristiano and {Samushia}, Lado and {Sanchez}, Eusebio and {Sanchez}, Javier and {Schlegel}, David J. and {Schneider}, Michael and {Schubnell}, Michael and {Secroun}, Aur{\'e}lia and {Seljak}, Uros and {Seo}, Hee-Jong and {Serrano}, Santiago and {Shafieloo}, Arman and {Shan}, Huanyuan and {Sharples}, Ray and {Sholl}, Michael J. and {Shourt}, William V. and {Silber}, Joseph H. and {Silva}, David R. and {Sirk}, Martin M. and {Slosar}, Anze and {Smith}, Alex and {Smoot}, George F. and {Som}, Debopam and {Song}, Yong-Seon and {Sprayberry}, David and {Staten}, Ryan and {Stefanik}, Andy and {Tarle}, Gregory and {Sien Tie}, Suk and {Tinker}, Jeremy L. and {Tojeiro}, Rita and {Valdes}, Francisco and {Valenzuela}, Octavio and {Valluri}, Monica and {Vargas-Magana}, Mariana and {Verde}, Licia and {Walker}, Alistair R. and {Wang}, Jiali and {Wang}, Yuting and {Weaver}, Benjamin A. and {Weaverdyck}, Curtis and {Wechsler}, Risa H. and {Weinberg}, David H. and {White}, Martin and {Yang}, Qian and {Yeche}, Christophe and {Zhang}, Tianmeng and {Zhao}, Gong-Bo and {Zheng}, Yi and {Zhou}, Xu and {Zhou}, Zhimin and {Zhu}, Yaling and {Zou}, Hu and {Zu}, Ying},
        title = "{The DESI Experiment Part I: Science,Targeting, and Survey Design}",
      journal = {arXiv e-prints},
     keywords = {Astrophysics - Instrumentation and Methods for Astrophysics, Astrophysics - Cosmology and Nongalactic Astrophysics},
         year = 2016,
        month = oct,
          eid = {arXiv:1611.00036},
        pages = {arXiv:1611.00036},
          doi = {10.48550/arXiv.1611.00036},
archivePrefix = {arXiv},
       eprint = {1611.00036},
 primaryClass = {astro-ph.IM},
       adsurl = {https://ui.adsabs.harvard.edu/abs/2016arXiv161100036D},
      adsnote = {Provided by the SAO/NASA Astrophysics Data System}
}

@ARTICLE{p1d_Chabanier2019,
       author = {{Chabanier}, Sol{\`e}ne and {Palanque-Delabrouille}, Nathalie and {Y{\`e}che}, Christophe and {Le Goff}, Jean-Marc and {Armengaud}, Eric and {Bautista}, Julian and {Blomqvist}, Michael and {Busca}, Nicolas and {Dawson}, Kyle and {Etourneau}, Thomas and {Font-Ribera}, Andreu and {Lee}, Youngbae and {du Mas des Bourboux}, H{\'e}lion and {Pieri}, Matthew and {Rich}, James and {Rossi}, Graziano and {Schneider}, Donald and {Slosar}, An{\v{z}}e},
        title = "{The one-dimensional power spectrum from the SDSS DR14 Ly{\ensuremath{\alpha}} forests}",
      journal = {\jcap},
     keywords = {Astrophysics - Cosmology and Nongalactic Astrophysics},
         year = 2019,
        month = jul,
       volume = {2019},
       number = {7},
          eid = {017},
        pages = {017},
          doi = {10.1088/1475-7516/2019/07/017},
archivePrefix = {arXiv},
       eprint = {1812.03554},
 primaryClass = {astro-ph.CO},
       adsurl = {https://ui.adsabs.harvard.edu/abs/2019JCAP...07..017C},
      adsnote = {Provided by the SAO/NASA Astrophysics Data System}
}

@ARTICLE{hydro_Meiksin2001,
       author = {{Meiksin}, Avery and {Bryan}, Greg and {Machacek}, Marie},
        title = "{Hydrodynamical simulations of the Ly{\ensuremath{\alpha}} forest: data comparisons}",
      journal = {\mnras},
     keywords = {HYDRODYNAMICS, METHODS: NUMERICAL, INTERGALACTIC MEDIUM, QUASARS: ABSORPTION LINES, COSMOLOGY: THEORY, LARGE-SCALE STRUCTURE OF UNIVERSE, Astrophysics},
         year = 2001,
        month = oct,
       volume = {327},
       number = {1},
        pages = {296-322},
          doi = {10.1046/j.1365-8711.2001.04719.x},
archivePrefix = {arXiv},
       eprint = {astro-ph/0102367},
 primaryClass = {astro-ph},
       adsurl = {https://ui.adsabs.harvard.edu/abs/2001MNRAS.327..296M},
      adsnote = {Provided by the SAO/NASA Astrophysics Data System}
}

@ARTICLE{hydro_Rossi2014,
       author = {{Rossi}, Graziano and {Palanque-Delabrouille}, Nathalie and {Borde}, Arnaud and {Viel}, Matteo and {Y{\`e}che}, Christophe and {Bolton}, James S. and {Rich}, James and {Le Goff}, Jean-Marc},
        title = "{Suite of hydrodynamical simulations for the Lyman-{\ensuremath{\alpha}} forest with massive neutrinos}",
      journal = {\aap},
     keywords = {cosmology: theory, cosmology: observations, large-scale structure of Universe, methods: numerical, Astrophysics - Cosmology and Nongalactic Astrophysics},
         year = 2014,
        month = jul,
       volume = {567},
          eid = {A79},
        pages = {A79},
          doi = {10.1051/0004-6361/201423507},
archivePrefix = {arXiv},
       eprint = {1401.6464},
 primaryClass = {astro-ph.CO},
       adsurl = {https://ui.adsabs.harvard.edu/abs/2014A&A...567A..79R},
      adsnote = {Provided by the SAO/NASA Astrophysics Data System}
}


@ARTICLE{hydro_Anderson2018,
       author = {{Anderson}, Lauren and {Pontzen}, Andrew and {Font-Ribera}, Andreu and {Villaescusa-Navarro}, Francisco and {Rogers}, Keir K. and {Genel}, Shy},
        title = "{Cosmological Hydrodynamic Simulations with Suppressed Variance in the Lyman-$\alpha$ Forest Power Spectrum}",
      journal = {arXiv e-prints},
     keywords = {Astrophysics - Cosmology and Nongalactic Astrophysics},
         year = 2018,
        month = oct,
          eid = {arXiv:1811.00043},
        pages = {arXiv:1811.00043},
          doi = {10.48550/arXiv.1811.00043},
archivePrefix = {arXiv},
       eprint = {1811.00043},
 primaryClass = {astro-ph.CO},
       adsurl = {https://ui.adsabs.harvard.edu/abs/2018arXiv181100043A},
      adsnote = {Provided by the SAO/NASA Astrophysics Data System}
}

@article{bautista2017MeasurementBaryonAcoustic,
  title = {Measurement of Baryon Acoustic Oscillation Correlations at z = 2.3 with {{SDSS DR12 Ly$\alpha$-Forests}}},
  author = {Bautista, Julian E. and Busca, Nicol{\'a}s G. and Guy, Julien and Rich, James and Blomqvist, Michael and {du Mas des Bourboux}, H{\'e}lion and Pieri, Matthew M. and {Font-Ribera}, Andreu and Bailey, Stephen and Delubac, Timoth{\'e}e and Kirkby, David and Le Goff, Jean-Marc and Margala, Daniel and Slosar, An{\v z}e and Vazquez, Jose Alberto and Brownstein, Joel R. and Dawson, Kyle S. and Eisenstein, Daniel J. and {Miralda-Escud{\'e}}, Jordi and Noterdaeme, Pasquier and {Palanque-Delabrouille}, Nathalie and P{\^a}ris, Isabelle and Petitjean, Patrick and Ross, Nicholas P. and Schneider, Donald P. and Weinberg, David H. and Y{\`e}che, Christophe},
  year = {2017},
  month = jun,
  journal = {Astronomy and Astrophysics},
  volume = {603},
  pages = {A12},
  doi = {10.1051/0004-6361/201730533},
  url = {https://ui.adsabs.harvard.edu/abs/2017A&A...603A..12B},
  urldate = {2023-05-11},
  keywords = {Astrophysics - Cosmology and Nongalactic Astrophysics,cosmological parameters,dark energy}
}

@ARTICLE{busca2013LyaBAODR9,
       author = {{Busca}, N.~G. and {Delubac}, T. and {Rich}, J. and {Bailey}, S. and {Font-Ribera}, A. and {Kirkby}, D. and {Le Goff}, J. -M. and {Pieri}, M.~M. and {Slosar}, A. and {Aubourg}, {\'E}. and {Bautista}, J.~E. and {Bizyaev}, D. and {Blomqvist}, M. and {Bolton}, A.~S. and {Bovy}, J. and {Brewington}, H. and {Borde}, A. and {Brinkmann}, J. and {Carithers}, B. and {Croft}, R.~A.~C. and {Dawson}, K.~S. and {Ebelke}, G. and {Eisenstein}, D.~J. and {Hamilton}, J. -C. and {Ho}, S. and {Hogg}, D.~W. and {Honscheid}, K. and {Lee}, K. -G. and {Lundgren}, B. and {Malanushenko}, E. and {Malanushenko}, V. and {Margala}, D. and {Maraston}, C. and {Mehta}, K. and {Miralda-Escud{\'e}}, J. and {Myers}, A.~D. and {Nichol}, R.~C. and {Noterdaeme}, P. and {Olmstead}, M.~D. and {Oravetz}, D. and {Palanque-Delabrouille}, N. and {Pan}, K. and {P{\^a}ris}, I. and {Percival}, W.~J. and {Petitjean}, P. and {Roe}, N.~A. and {Rollinde}, E. and {Ross}, N.~P. and {Rossi}, G. and {Schlegel}, D.~J. and {Schneider}, D.~P. and {Shelden}, A. and {Sheldon}, E.~S. and {Simmons}, A. and {Snedden}, S. and {Tinker}, J.~L. and {Viel}, M. and {Weaver}, B.~A. and {Weinberg}, D.~H. and {White}, M. and {Y{\`e}che}, C. and {York}, D.~G.},
        title = "{Baryon acoustic oscillations in the Ly{\ensuremath{\alpha}} forest of BOSS quasars}",
      journal = {\aap},
     keywords = {cosmology: observations, dark energy, large-scale structure of Universe, cosmological parameters, Astrophysics - Cosmology and Extragalactic Astrophysics},
         year = 2013,
        month = apr,
       volume = {552},
          eid = {A96},
        pages = {A96},
          doi = {10.1051/0004-6361/201220724},
archivePrefix = {arXiv},
       eprint = {1211.2616},
 primaryClass = {astro-ph.CO},
       adsurl = {https://ui.adsabs.harvard.edu/abs/2013A&A...552A..96B},
      adsnote = {Provided by the SAO/NASA Astrophysics Data System}
}

@ARTICLE{delubac2015LyaBAODR11,
       author = {{Delubac}, Timoth{\'e}e and {Bautista}, Julian E. and {Busca}, Nicol{\'a}s G. and {Rich}, James and {Kirkby}, David and {Bailey}, Stephen and {Font-Ribera}, Andreu and {Slosar}, An{\v{z}}e and {Lee}, Khee-Gan and {Pieri}, Matthew M. and {Hamilton}, Jean-Christophe and {Aubourg}, {\'E}ric and {Blomqvist}, Michael and {Bovy}, Jo and {Brinkmann}, Jon and {Carithers}, William and {Dawson}, Kyle S. and {Eisenstein}, Daniel J. and {Gontcho}, Satya Gontcho A. and {Kneib}, Jean-Paul and {Le Goff}, Jean-Marc and {Margala}, Daniel and {Miralda-Escud{\'e}}, Jordi and {Myers}, Adam D. and {Nichol}, Robert C. and {Noterdaeme}, Pasquier and {O'Connell}, Ross and {Olmstead}, Matthew D. and {Palanque-Delabrouille}, Nathalie and {P{\^a}ris}, Isabelle and {Petitjean}, Patrick and {Ross}, Nicholas P. and {Rossi}, Graziano and {Schlegel}, David J. and {Schneider}, Donald P. and {Weinberg}, David H. and {Y{\`e}che}, Christophe and {York}, Donald G.},
        title = "{Baryon acoustic oscillations in the Ly{\ensuremath{\alpha}} forest of BOSS DR11 quasars}",
      journal = {\aap},
     keywords = {cosmology: observations, dark energy, large-scale structure of Universe, cosmological parameters, Astrophysics - Cosmology and Nongalactic Astrophysics},
         year = 2015,
        month = feb,
       volume = {574},
          eid = {A59},
        pages = {A59},
          doi = {10.1051/0004-6361/201423969},
archivePrefix = {arXiv},
       eprint = {1404.1801},
 primaryClass = {astro-ph.CO},
       adsurl = {https://ui.adsabs.harvard.edu/abs/2015A&A...574A..59D},
      adsnote = {Provided by the SAO/NASA Astrophysics Data System}
}

@article{desainteagathe2019BaryonAcousticOscillations,
  title = {Baryon Acoustic Oscillations at z = 2.34 from the Correlations of {{Ly$\alpha$}} Absorption in {{eBOSS DR14}}},
  author = {{de Sainte Agathe}, Victoria and Balland, Christophe and {du Mas des Bourboux}, H{\'e}lion and Busca, Nicol{\'a}s G. and Blomqvist, Michael and Guy, Julien and Rich, James and {Font-Ribera}, Andreu and Pieri, Matthew M. and Bautista, Julian E. and Dawson, Kyle and Le Goff, Jean-Marc and {de la Macorra}, Axel and {Palanque-Delabrouille}, Nathalie and Percival, Will J. and {P{\'e}rez-R{\`a}fols}, Ignasi and Schneider, Donald P. and Slosar, An{\v z}e and Y{\`e}che, Christophe},
  year = {2019},
  month = sep,
  journal = {Astronomy and Astrophysics},
  volume = {629},
  pages = {A85},
  doi = {10.1051/0004-6361/201935638},
  url = {https://ui.adsabs.harvard.edu/abs/2019A&A...629A..85D},
  urldate = {2023-05-11},
  keywords = {Astrophysics - Cosmology and Nongalactic Astrophysics,cosmological parameters,cosmology: observations,dark energy}
}

@article{dumasdesbourboux2017BaryonAcousticOscillations,
  title = {Baryon Acoustic Oscillations from the Complete {{SDSS-III Ly$\alpha$-quasar}} Cross-Correlation Function at z = 2.4},
  author = {{du Mas des Bourboux}, H{\'e}lion and Le Goff, Jean-Marc and Blomqvist, Michael and Busca, Nicol{\'a}s G. and Guy, Julien and Rich, James and Y{\`e}che, Christophe and Bautista, Julian E. and Burtin, {\'E}tienne and Dawson, Kyle S. and Eisenstein, Daniel J. and {Font-Ribera}, Andreu and Kirkby, David and {Miralda-Escud{\'e}}, Jordi and Noterdaeme, Pasquier and {Palanque-Delabrouille}, Nathalie and P{\^a}ris, Isabelle and Petitjean, Patrick and {P{\'e}rez-R{\`a}fols}, Ignasi and Pieri, Matthew M. and Ross, Nicholas P. and Schlegel, David J. and Schneider, Donald P. and Slosar, An{\v z}e and Weinberg, David H. and Zarrouk, Pauline},
  year = {2017},
  month = dec,
  journal = {Astronomy and Astrophysics},
  volume = {608},
  pages = {A130},
  doi = {10.1051/0004-6361/201731731},
  url = {https://ui.adsabs.harvard.edu/abs/2017A&A...608A.130D},
  urldate = {2023-05-11},
  keywords = {Astrophysics - Cosmology and Nongalactic Astrophysics,cosmological parameters,dark energy,large-scale structure of Universe}
}

@article{dumasdesbourboux2020CompletedSDSSIVExtended,
  title = {The {{Completed SDSS-IV Extended Baryon Oscillation Spectroscopic Survey}}: {{Baryon Acoustic Oscillations}} with {{Ly$\alpha$ Forests}}},
  author = {{du Mas des Bourboux}, H{\'e}lion and Rich, James and {Font-Ribera}, Andreu and {de Sainte Agathe}, Victoria and Farr, James and Etourneau, Thomas and Le Goff, Jean-Marc and Cuceu, Andrei and Balland, Christophe and Bautista, Julian E. and Blomqvist, Michael and Brinkmann, Jonathan and Brownstein, Joel R. and Chabanier, Sol{\`e}ne and Chaussidon, Edmond and Dawson, Kyle and {Gonz{\'a}lez-Morales}, Alma X. and Guy, Julien and Lyke, Brad W. and {de la Macorra}, Axel and Mueller, Eva-Maria and Myers, Adam D. and Nitschelm, Christian and Mu{\~n}oz Guti{\'e}rrez, Andrea and {Palanque-Delabrouille}, Nathalie and Parker, James and Percival, Will J. and {P{\'e}rez-R{\`a}fols}, Ignasi and Petitjean, Patrick and Pieri, Matthew M. and Ravoux, Corentin and Rossi, Graziano and Schneider, Donald P. and Seo, Hee-Jong and Slosar, An{\v z}e and Stermer, Julianna and Vivek, M. and Y{\`e}che, Christophe and Youles, Samantha},
  year = {2020},
  month = oct,
  journal = {The Astrophysical Journal},
  volume = {901},
  pages = {153},
  doi = {10.3847/1538-4357/abb085},
  url = {https://ui.adsabs.harvard.edu/abs/2020ApJ...901..153D},
  urldate = {2022-12-01},
  keywords = {138,343,351,902,980,Astrophysics - Cosmology and Nongalactic Astrophysics,Baryon acoustic oscillations,Cosmology,Dark energy,Large-scale structure of the universe,Ly{$\alpha$} forest}
}

@article{slosar2011LymanaForestThree,
  title = {The {{Lyman-$\alpha$}} Forest in Three Dimensions: Measurements of Large Scale Flux Correlations from {{BOSS}} 1st-Year Data},
  author = {Slosar, An{\v z}e and {Font-Ribera}, Andreu and Pieri, Matthew M. and Rich, James and Le Goff, Jean-Marc and Aubourg, {\'E}ric and Brinkmann, Jon and Busca, Nicolas and Carithers, Bill and Charlassier, Romain and Cort{\^e}s, Marina and Croft, Rupert and Dawson, Kyle S. and Eisenstein, Daniel and Hamilton, Jean-Christophe and Ho, Shirley and Lee, Khee-Gan and Lupton, Robert and McDonald, Patrick and Medolin, Bumbarija and Muna, Demitri and {Miralda-Escud{\'e}}, Jordi and Myers, Adam D. and Nichol, Robert C. and {Palanque-Delabrouille}, Nathalie and P{\^a}ris, Isabelle and Petitjean, Patrick and Pi{\v s}kur, Yodovina and Rollinde, Emmanuel and Ross, Nicholas P. and Schlegel, David J. and Schneider, Donald P. and Sheldon, Erin and Weaver, Benjamin A. and Weinberg, David H. and Yeche, Christophe and York, Donald G.},
  year = {2011},
  month = sep,
  journal = {Journal of Cosmology and Astroparticle Physics},
  volume = {2011},
  pages = {001},
  doi = {10.1088/1475-7516/2011/09/001},
  url = {https://ui.adsabs.harvard.edu/abs/2011JCAP...09..001S},
  urldate = {2023-05-11},
  keywords = {Astrophysics - Cosmology and Nongalactic Astrophysics}
}

@article{slosar2013MeasurementBaryonAcoustica,
  title = {Measurement of Baryon Acoustic Oscillations in the {{Lyman-$\alpha$}} Forest Fluctuations in {{BOSS}} Data Release 9},
  author = {Slosar, An{\v z}e and Ir{\v s}i{\v c}, Vid and Kirkby, David and Bailey, Stephen and Busca, Nicol{\'a}s G. and Delubac, Timoth{\'e}e and Rich, James and Aubourg, {\'E}ric and Bautista, Julian E. and Bhardwaj, Vaishali and Blomqvist, Michael and Bolton, Adam S. and Bovy, Jo and Brownstein, Joel and Carithers, Bill and Croft, Rupert A. C. and Dawson, Kyle S. and {Font-Ribera}, Andreu and Le Goff, J. -M. and Ho, Shirley and Honscheid, Klaus and Lee, Khee-Gan and Margala, Daniel and McDonald, Patrick and Medolin, Bumbarija and {Miralda-Escud{\'e}}, Jordi and Myers, Adam D. and Nichol, Robert C. and Noterdaeme, Pasquier and {Palanque-Delabrouille}, Nathalie and P{\^a}ris, Isabelle and Petitjean, Patrick and Pieri, Matthew M. and Pi{\v s}kur, Yodovina and Roe, Natalie A. and Ross, Nicholas P. and Rossi, Graziano and Schlegel, David J. and Schneider, Donald P. and Suzuki, Nao and Sheldon, Erin S. and Seljak, Uro{\v s} and Viel, Matteo and Weinberg, David H. and Y{\`e}che, Christophe},
  year = {2013},
  month = apr,
  journal = {Journal of Cosmology and Astroparticle Physics},
  volume = {2013},
  pages = {026},
  doi = {10.1088/1475-7516/2013/04/026},
  url = {https://ui.adsabs.harvard.edu/abs/2013JCAP...04..026S},
  urldate = {2023-04-25},
  keywords = {Astrophysics - Cosmology and Nongalactic Astrophysics,High Energy Physics - Experiment}
}


@article{planckcollaboration2020Planck2018Resultsa,
  title = {{\emph{Planck}} 2018 Results: {{VI}}. {{Cosmological}} Parameters},
  author = {{Planck Collaboration} and Aghanim, N. and Akrami, Y. and Ashdown, M. and Aumont, J. and Baccigalupi, C. and Ballardini, M. and Banday, A. J. and Barreiro, R. B. and Bartolo, N. and Basak, S. and Battye, R. and Benabed, K. and Bernard, J.-P. and Bersanelli, M. and Bielewicz, P. and Bock, J. J. and Bond, J. R. and Borrill, J. and Bouchet, F. R. and Boulanger, F. and Bucher, M. and Burigana, C. and Butler, R. C. and Calabrese, E. and Cardoso, J.-F. and Carron, J. and Challinor, A. and Chiang, H. C. and Chluba, J. and Colombo, L. P. L. and Combet, C. and Contreras, D. and Crill, B. P. and Cuttaia, F. and {de Bernardis}, P. and {de Zotti}, G. and Delabrouille, J. and Delouis, J.-M. and Di Valentino, E. and Diego, J. M. and Dor{\'e}, O. and Douspis, M. and Ducout, A. and Dupac, X. and Dusini, S. and Efstathiou, G. and Elsner, F. and En{\ss}lin, T. A. and Eriksen, H. K. and Fantaye, Y. and Farhang, M. and Fergusson, J. and {Fernandez-Cobos}, R. and Finelli, F. and Forastieri, F. and Frailis, M. and Fraisse, A. A. and Franceschi, E. and Frolov, A. and Galeotta, S. and Galli, S. and Ganga, K. and {G{\'e}nova-Santos}, R. T. and Gerbino, M. and Ghosh, T. and {Gonz{\'a}lez-Nuevo}, J. and G{\'o}rski, K. M. and Gratton, S. and Gruppuso, A. and Gudmundsson, J. E. and Hamann, J. and Handley, W. and Hansen, F. K. and Herranz, D. and Hildebrandt, S. R. and Hivon, E. and Huang, Z. and Jaffe, A. H. and Jones, W. C. and Karakci, A. and Keih{\"a}nen, E. and Keskitalo, R. and Kiiveri, K. and Kim, J. and Kisner, T. S. and Knox, L. and Krachmalnicoff, N. and Kunz, M. and {Kurki-Suonio}, H. and Lagache, G. and Lamarre, J.-M. and Lasenby, A. and Lattanzi, M. and Lawrence, C. R. and Le Jeune, M. and Lemos, P. and Lesgourgues, J. and Levrier, F. and Lewis, A. and Liguori, M. and Lilje, P. B. and Lilley, M. and Lindholm, V. and {L{\'o}pez-Caniego}, M. and Lubin, P. M. and Ma, Y.-Z. and {Mac{\'i}as-P{\'e}rez}, J. F. and Maggio, G. and Maino, D. and Mandolesi, N. and Mangilli, A. and {Marcos-Caballero}, A. and Maris, M. and Martin, P. G. and Martinelli, M. and {Mart{\'i}nez-Gonz{\'a}lez}, E. and Matarrese, S. and Mauri, N. and McEwen, J. D. and Meinhold, P. R. and Melchiorri, A. and Mennella, A. and Migliaccio, M. and Millea, M. and Mitra, S. and {Miville-Desch{\^e}nes}, M.-A. and Molinari, D. and Montier, L. and Morgante, G. and Moss, A. and Natoli, P. and {N{\o}rgaard-Nielsen}, H. U. and Pagano, L. and Paoletti, D. and Partridge, B. and Patanchon, G. and Peiris, H. V. and Perrotta, F. and Pettorino, V. and Piacentini, F. and Polastri, L. and Polenta, G. and Puget, J.-L. and Rachen, J. P. and Reinecke, M. and Remazeilles, M. and Renzi, A. and Rocha, G. and Rosset, C. and Roudier, G. and {Rubi{\~n}o-Mart{\'i}n}, J. A. and {Ruiz-Granados}, B. and Salvati, L. and Sandri, M. and Savelainen, M. and Scott, D. and Shellard, E. P. S. and Sirignano, C. and Sirri, G. and Spencer, L. D. and Sunyaev, R. and {Suur-Uski}, A.-S. and Tauber, J. A. and Tavagnacco, D. and Tenti, M. and Toffolatti, L. and Tomasi, M. and Trombetti, T. and Valenziano, L. and Valiviita, J. and Van Tent, B. and Vibert, L. and Vielva, P. and Villa, F. and Vittorio, N. and Wandelt, B. D. and Wehus, I. K. and White, M. and White, S. D. M. and Zacchei, A. and Zonca, A.},
  year = {2020},
  month = sep,
  journal = {Astronomy \& Astrophysics},
  volume = {641},
  pages = {A6},
  doi = {10.1051/0004-6361/201833910},
  url = {https://www.aanda.org/10.1051/0004-6361/201833910},
  urldate = {2021-02-08},
  langid = {english}
}


@article{pontzen2014ScaledependentBiasBaryonicacousticoscillationscale,
  title = {Scale-Dependent Bias in the Baryonic-Acoustic-Oscillation-Scale Intergalactic Neutral Hydrogen},
  author = {Pontzen, Andrew},
  year = {2014},
  month = apr,
  journal = {Physical Review D},
  volume = {89},
  pages = {083010},
  doi = {10.1103/PhysRevD.89.083010},
  url = {https://ui.adsabs.harvard.edu/abs/2014PhRvD..89h3010P},
  urldate = {2023-05-09},
  keywords = {98.62.Ra,98.80.-k,Astrophysics - Cosmology and Nongalactic Astrophysics,Cosmology,Intergalactic matter,Lyman forest,quasar absorption and emission-line systems}
}

@ARTICLE{hydro_Chabanier2023,
       author = {{Chabanier}, Sol{\`e}ne and {Emberson}, J.~D. and {Luki{\'c}}, Zarija and {Pulido}, Jesus and {Habib}, Salman and {Rangel}, Esteban and {Sexton}, Jean and {Frontiere}, Nicholas and {Buehlmann}, Michael},
        title = "{Modelling the Lyman-{\ensuremath{\alpha}} forest with Eulerian and SPH hydrodynamical methods}",
      journal = {\mnras},
     keywords = {methods: numerical, intergalactic medium, quasars: absorption lines, Astrophysics - Cosmology and Nongalactic Astrophysics},
         year = 2023,
        month = jan,
       volume = {518},
       number = {3},
        pages = {3754-3776},
          doi = {10.1093/mnras/stac3294},
archivePrefix = {arXiv},
       eprint = {2207.05023},
 primaryClass = {astro-ph.CO},
       adsurl = {https://ui.adsabs.harvard.edu/abs/2023MNRAS.518.3754C},
      adsnote = {Provided by the SAO/NASA Astrophysics Data System}
}

@ARTICLE{hydro_Walther2021,
       author = {{Walther}, Michael and {Armengaud}, Eric and {Ravoux}, Corentin and {Palanque-Delabrouille}, Nathalie and {Y{\`e}che}, Christophe and {Luki{\'c}}, Zarija},
        title = "{Simulating intergalactic gas for DESI-like small scale Lyman{\ensuremath{\alpha}} forest observations}",
      journal = {\jcap},
     keywords = {cosmological simulations, hydrodynamical simulations, Lyman alpha forest, power spectrum, Astrophysics - Cosmology and Nongalactic Astrophysics},
         year = 2021,
        month = apr,
       volume = {2021},
       number = {4},
          eid = {059},
        pages = {059},
          doi = {10.1088/1475-7516/2021/04/059},
archivePrefix = {arXiv},
       eprint = {2012.04008},
 primaryClass = {astro-ph.CO},
       adsurl = {https://ui.adsabs.harvard.edu/abs/2021JCAP...04..059W},
      adsnote = {Provided by the SAO/NASA Astrophysics Data System}
}

@ARTICLE{hydro_Lukic2015,
       author = {{Luki{\'c}}, Zarija and {Stark}, Casey W. and {Nugent}, Peter and {White}, Martin and {Meiksin}, Avery A. and {Almgren}, Ann},
        title = "{The Lyman {\ensuremath{\alpha}} forest in optically thin hydrodynamical simulations}",
      journal = {\mnras},
     keywords = {methods: numerical, intergalactic medium, quasars: absorption lines, large-scale structure of universe, Astrophysics - Cosmology and Nongalactic Astrophysics},
         year = 2015,
        month = feb,
       volume = {446},
       number = {4},
        pages = {3697-3724},
          doi = {10.1093/mnras/stu2377},
archivePrefix = {arXiv},
       eprint = {1406.6361},
 primaryClass = {astro-ph.CO},
       adsurl = {https://ui.adsabs.harvard.edu/abs/2015MNRAS.446.3697L},
      adsnote = {Provided by the SAO/NASA Astrophysics Data System}
}

@ARTICLE{hydro_Miralda1996,
       author = {{Miralda-Escud{\'e}}, Jordi and {Cen}, Renyue and {Ostriker}, Jeremiah P. and {Rauch}, Michael},
        title = "{The Ly alpha Forest from Gravitational Collapse in the Cold Dark Matter + Lambda Model}",
      journal = {\apj},
     keywords = {COSMOLOGY: THEORY, HYDRODYNAMICS, COSMOLOGY: LARGE-SCALE STRUCTURE OF UNIVERSE, GALAXIES: INTERGALACTIC MEDIUM, GALAXIES: QUASARS: ABSORPTION LINES, Astrophysics},
         year = 1996,
        month = nov,
       volume = {471},
        pages = {582},
          doi = {10.1086/177992},
archivePrefix = {arXiv},
       eprint = {astro-ph/9511013},
 primaryClass = {astro-ph},
       adsurl = {https://ui.adsabs.harvard.edu/abs/1996ApJ...471..582M},
      adsnote = {Provided by the SAO/NASA Astrophysics Data System}
}

@ARTICLE{hydro_Cen1994,
       author = {{Cen}, Renyue and {Miralda-Escud{\'e}}, Jordi and {Ostriker}, Jeremiah P. and {Rauch}, Michael},
        title = "{Gravitational Collapse of Small-Scale Structure as the Origin of the Lyman-Alpha Forest}",
      journal = {\apjl},
     keywords = {Astronomical Models, Cosmology, Gravitational Collapse, Gravitational Lenses, Quasars, Absorption Spectra, Hydrodynamics, Line Spectra, Lyman Alpha Radiation, Photoionization, Red Shift, Signal To Noise Ratios, Astrophysics, COSMOLOGY: EARLY UNIVERSE, COSMOLOGY: LARGE-SCALE STRUCTURE OF UNIVERSE, HYDRODYNAMICS, GALAXIES: QUASARS: ABSORPTION LINES, Astrophysics},
         year = 1994,
        month = dec,
       volume = {437},
        pages = {L9},
          doi = {10.1086/187670},
archivePrefix = {arXiv},
       eprint = {astro-ph/9409017},
 primaryClass = {astro-ph},
       adsurl = {https://ui.adsabs.harvard.edu/abs/1994ApJ...437L...9C},
      adsnote = {Provided by the SAO/NASA Astrophysics Data System}
}

@ARTICLE{emu_Ramanah2020,
       author = {{Kodi Ramanah}, Doogesh and {Charnock}, Tom and {Villaescusa-Navarro}, Francisco and {Wandelt}, Benjamin D.},
        title = "{Super-resolution emulator of cosmological simulations using deep physical models}",
      journal = {\mnras},
     keywords = {methods: numerical, methods: statistical, dark matter, large-scale structure of Universe, Astrophysics - Cosmology and Nongalactic Astrophysics},
         year = 2020,
        month = jul,
       volume = {495},
       number = {4},
        pages = {4227-4236},
          doi = {10.1093/mnras/staa1428},
archivePrefix = {arXiv},
       eprint = {2001.05519},
 primaryClass = {astro-ph.CO},
       adsurl = {https://ui.adsabs.harvard.edu/abs/2020MNRAS.495.4227K},
      adsnote = {Provided by the SAO/NASA Astrophysics Data System}
}


@ARTICLE{emu_arico2021,
       author = {{Aric{\`o}}, Giovanni and {Angulo}, Raul E. and {Contreras}, Sergio and {Ondaro-Mallea}, Lurdes and {Pellejero-Iba{\~n}ez}, Marcos and {Zennaro}, Matteo},
        title = "{The BACCO simulation project: a baryonification emulator with neural networks}",
      journal = {\mnras},
     keywords = {methods: numerical, cosmological parameters, large-scale structure of Universe, Astrophysics - Cosmology and Nongalactic Astrophysics, Astrophysics - Astrophysics of Galaxies},
         year = 2021,
        month = sep,
       volume = {506},
       number = {3},
        pages = {4070-4082},
          doi = {10.1093/mnras/stab1911},
archivePrefix = {arXiv},
       eprint = {2011.15018},
 primaryClass = {astro-ph.CO},
       adsurl = {https://ui.adsabs.harvard.edu/abs/2021MNRAS.506.4070A},
      adsnote = {Provided by the SAO/NASA Astrophysics Data System}
}


@ARTICLE{emu_angulo2021,
       author = {{Angulo}, Raul E. and {Zennaro}, Matteo and {Contreras}, Sergio and {Aric{\`o}}, Giovanni and {Pellejero-Iba{\~n}ez}, Marcos and {St{\"u}cker}, Jens},
        title = "{The BACCO simulation project: exploiting the full power of large-scale structure for cosmology}",
      journal = {\mnras},
     keywords = {methods: numerical, cosmological parameters, large-scale structure of Universe, Astrophysics - Cosmology and Nongalactic Astrophysics, Astrophysics - Astrophysics of Galaxies},
         year = 2021,
        month = nov,
       volume = {507},
       number = {4},
        pages = {5869-5881},
          doi = {10.1093/mnras/stab2018},
archivePrefix = {arXiv},
       eprint = {2004.06245},
 primaryClass = {astro-ph.CO},
       adsurl = {https://ui.adsabs.harvard.edu/abs/2021MNRAS.507.5869A},
      adsnote = {Provided by the SAO/NASA Astrophysics Data System}
}

@article{ramachandra2022MachineLearningSynthetic,
  title = {Machine Learning Synthetic Spectra for Probabilistic Redshift Estimation: {{SYTH-Z}}},
  author = {Ramachandra, Nesar and {Chaves-Montero}, Jon{\'a}s and Alarcon, Alex and Fadikar, Arindam and Habib, Salman and Heitmann, Katrin},
  year = {2022},
  month = sep,
  journal = {Monthly Notices of the Royal Astronomical Society},
  volume = {515},
  pages = {1927--1941},
  doi = {10.1093/mnras/stac1790},
  url = {https://ui.adsabs.harvard.edu/abs/2022MNRAS.515.1927R},
  urldate = {2023-01-13},
  keywords = {Astrophysics - Cosmology and Nongalactic Astrophysics,Astrophysics - Instrumentation and Methods for Astrophysics,galaxies: distances and redshifts,galaxies: statistics,methods: statistical}
}


@ARTICLE{emugp_Walther2019,
       author = {{Walther}, Michael and {O{\~n}orbe}, Jose and {Hennawi}, Joseph F. and {Luki{\'c}}, Zarija},
        title = "{New Constraints on IGM Thermal Evolution from the Ly{\ensuremath{\alpha}} Forest Power Spectrum}",
      journal = {\apj},
     keywords = {cosmological parameters, cosmology: observations, dark ages, reionization, first stars, intergalactic medium, Astrophysics - Cosmology and Nongalactic Astrophysics},
         year = 2019,
        month = feb,
       volume = {872},
       number = {1},
          eid = {13},
        pages = {13},
          doi = {10.3847/1538-4357/aafad1},
archivePrefix = {arXiv},
       eprint = {1808.04367},
 primaryClass = {astro-ph.CO},
       adsurl = {https://ui.adsabs.harvard.edu/abs/2019ApJ...872...13W},
      adsnote = {Provided by the SAO/NASA Astrophysics Data System}
}


@ARTICLE{emugp_rogers2021,
       author = {{Rogers}, Keir K. and {Peiris}, Hiranya V.},
        title = "{General framework for cosmological dark matter bounds using N -body simulations}",
      journal = {\prd},
     keywords = {Astrophysics - Cosmology and Nongalactic Astrophysics},
         year = 2021,
        month = feb,
       volume = {103},
       number = {4},
          eid = {043526},
        pages = {043526},
          doi = {10.1103/PhysRevD.103.043526},
archivePrefix = {arXiv},
       eprint = {2007.13751},
 primaryClass = {astro-ph.CO},
       adsurl = {https://ui.adsabs.harvard.edu/abs/2021PhRvD.103d3526R},
      adsnote = {Provided by the SAO/NASA Astrophysics Data System}
}

@article{bocquet2020MiraTitanUniverseIII,
  title = {The {{Mira-Titan Universe}}. {{III}}. {{Emulation}} of the {{Halo Mass Function}}},
  author = {Bocquet, Sebastian and Heitmann, Katrin and Habib, Salman and Lawrence, Earl and Uram, Thomas and Frontiere, Nicholas and Pope, Adrian and Finkel, Hal},
  year = {2020},
  month = sep,
  journal = {The Astrophysical Journal},
  volume = {901},
  pages = {5},
  doi = {10.3847/1538-4357/abac5c},
  url = {https://ui.adsabs.harvard.edu/abs/2020ApJ...901....5B},
  urldate = {2023-05-11},
  keywords = {902,Astrophysics - Cosmology and Nongalactic Astrophysics,Large-scale structure of the universe}
}


@ARTICLE{emugp_bird2019,
       author = {{Bird}, Simeon and {Rogers}, Keir K. and {Peiris}, Hiranya V. and {Verde}, Licia and {Font-Ribera}, Andreu and {Pontzen}, Andrew},
        title = "{An emulator for the Lyman-{\ensuremath{\alpha}} forest}",
      journal = {\jcap},
     keywords = {Astrophysics - Cosmology and Nongalactic Astrophysics},
         year = 2019,
        month = feb,
       volume = {2019},
       number = {2},
          eid = {050},
        pages = {050},
          doi = {10.1088/1475-7516/2019/02/050},
archivePrefix = {arXiv},
       eprint = {1812.04654},
 primaryClass = {astro-ph.CO},
       adsurl = {https://ui.adsabs.harvard.edu/abs/2019JCAP...02..050B},
      adsnote = {Provided by the SAO/NASA Astrophysics Data System}
}

@article{puchwein2019ConsistentModellingMetagalactic,
  title = {Consistent Modelling of the Meta-Galactic {{UV}} Background and the Thermal/Ionization History of the Intergalactic Medium},
  author = {Puchwein, Ewald and Haardt, Francesco and Haehnelt, Martin G. and Madau, Piero},
  year = {2019},
  month = may,
  journal = {Monthly Notices of the Royal Astronomical Society},
  volume = {485},
  pages = {47--68},
  doi = {10.1093/mnras/stz222},
  adsurl = {https://ui.adsabs.harvard.edu/abs/2019MNRAS.485...47P},
  urldate = {2023-04-25},
  keywords = {Astrophysics - Astrophysics of Galaxies,Astrophysics - Cosmology and Nongalactic Astrophysics,cosmology: theory,intergalactic medium,methods: numerical,radiative transfer}
}

@article{gontchoagontcho2014EffectIonizingBackground,
  title = {On the Effect of the Ionizing Background on the {{Ly$\alpha$}} Forest Autocorrelation Function},
  author = {Gontcho A Gontcho, Satya and {Miralda-Escud{\'e}}, Jordi and Busca, Nicol{\'a}s G.},
  year = {2014},
  month = jul,
  journal = {Monthly Notices of the Royal Astronomical Society},
  volume = {442},
  pages = {187--195},
  doi = {10.1093/mnras/stu860},
  adsurl = {https://ui.adsabs.harvard.edu/abs/2014MNRAS.442..187G},
  urldate = {2023-04-26},
  keywords = {Astrophysics - Cosmology and Nongalactic Astrophysics,diffuse radiation,intergalactic medium,large-scale structure of Universe,quasars: absorption lines}
}

@article{haardt2012RadiativeTransferClumpya,
  title = {Radiative {{Transfer}} in a {{Clumpy Universe}}. {{IV}}. {{New Synthesis Models}} of the {{Cosmic UV}}/{{X-Ray Background}}},
  author = {Haardt, Francesco and Madau, Piero},
  year = {2012},
  month = feb,
  journal = {The Astrophysical Journal},
  volume = {746},
  pages = {125},
  doi = {10.1088/0004-637X/746/2/125},
  adsurl = {https://ui.adsabs.harvard.edu/abs/2012ApJ...746..125H},
  urldate = {2023-04-27},
  keywords = {Astrophysics - Cosmology and Nongalactic Astrophysics,cosmology: theory,diffuse radiation,galaxies: evolution,intergalactic medium,quasars: general}
}

@article{onorbe2017SelfconsistentModelingReionization,
  title = {Self-Consistent {{Modeling}} of {{Reionization}} in {{Cosmological Hydrodynamical Simulations}}},
  author = {O{\~n}orbe, Jose and Hennawi, Joseph F. and Luki{\'c}, Zarija},
  year = {2017},
  month = mar,
  journal = {The Astrophysical Journal},
  volume = {837},
  pages = {106},
  doi = {10.3847/1538-4357/aa6031},
  adsurl = {https://ui.adsabs.harvard.edu/abs/2017ApJ...837..106O},
  urldate = {2023-04-27},
  keywords = {Astrophysics - Astrophysics of Galaxies,Astrophysics - Cosmology and Nongalactic Astrophysics,Astrophysics - Instrumentation and Methods for Astrophysics,early universe,galaxies: evolution,galaxies: formation,intergalactic medium,large-scale structure of universe,methods: numerical}
}


@misc{chaussidon2022TargetSelectionValidation,
  title = {Target {{Selection}} and {{Validation}} of {{DESI Quasars}}},
  author = {Chaussidon, Edmond and Y{\`e}che, Christophe and {Palanque-Delabrouille}, Nathalie and Alexander, David M. and Yang, Jinyi and Ahlen, Steven and Bailey, Stephen and Brooks, David and Cai, Zheng and Chabanier, Sol{\`e}ne and Davis, Tamara M. and Dawson, Kyle and {de la Macorra}, Axel and Dey, Arjun and Dey, Biprateep and Eftekharzadeh, Sarah and Eisenstein, Daniel J. and Fanning, Kevin and {Font-Ribera}, Andreu and Gazta{\~n}aga, Enrique and Gontcho, Satya Gontcho A. and {Gonzalez-Morales}, Alma X. and Guy, Julien and {Herrera-Alcantar}, Hiram K. and Honscheid, Klaus and Ishak, Mustapha and Jiang, Linhua and Juneau, Stephanie and Kehoe, Robert and Kisner, Theodore and Kov{\'a}cs, Andras and Kremin, Anthony and Lan, Ting-Wen and Landriau, Martin and Guillou, Laurent Le and Levi, Michael E. and Magneville, Christophe and Martini, Paul and Meisner, Aaron M. and Moustakas, John and {Mu{\~n}oz-Guti{\'e}rrez}, Andrea and Myers, Adam D. and Newman, Jeffrey A. and Nie, Jundan and Percival, Will J. and Poppett, Claire and Prada, Francisco and Raichoor, Anand and Ravoux, Corentin and Ross, Ashley J. and Schlafly, Edward and Schlegel, David and Tan, Ting and Tarl{\'e}, Gregory and Zhou, Rongpu and Zhou, Zhimin and Zou, Hu},
  year = {2022},
  month = aug,
  number = {arXiv:2208.08511},
  eprint = {2208.08511},
  primaryclass = {astro-ph},
  publisher = {{arXiv}},
  doi = {10.48550/arXiv.2208.08511},
  url = {http://arxiv.org/abs/2208.08511},
  urldate = {2022-08-19},
  archiveprefix = {arxiv},
  keywords = {Astrophysics - Cosmology and Nongalactic Astrophysics}
}


@article{suarez2017LargescaleFluctuationsCosmic,
  title = {Large-Scale Fluctuations in the Cosmic Ionizing Background: The Impact of Beamed Source Emission},
  author = {Suarez, Teresita and Pontzen, Andrew},
  year = {2017},
  month = dec,
  journal = {Monthly Notices of the Royal Astronomical Society},
  volume = {472},
  pages = {2643--2650},
  doi = {10.1093/mnras/stx2104},
  adsurl = {https://ui.adsabs.harvard.edu/abs/2017MNRAS.472.2643S},
  urldate = {2023-04-26},
  keywords = {Astrophysics - Cosmology and Nongalactic Astrophysics,cosmology: theory,diffuse radiation,large-scale structure of Universe,radiative transfer,radiative transfer - diffuse radiation}
}


@article{chabanier2020ImpactAGNFeedback,
  title = {The Impact of {{AGN}} Feedback on the {{1D}} Power Spectra from the {{Ly}} {$\alpha$} Forest Using the {{Horizon-AGN}} Suite of Simulations},
  author = {Chabanier, Sol{\`e}ne and Bournaud, Fr{\'e}d{\'e}ric and Dubois, Yohan and {Palanque-Delabrouille}, Nathalie and Y{\`e}che, Christophe and Armengaud, Eric and Peirani, S{\'e}bastien and Beckmann, Ricarda},
  year = {2020},
  month = jun,
  journal = {Monthly Notices of the Royal Astronomical Society},
  volume = {495},
  pages = {1825--1840},
  doi = {10.1093/mnras/staa1242},
  adsurl = {https://ui.adsabs.harvard.edu/abs/2020MNRAS.495.1825C},
  urldate = {2023-04-26},
  keywords = {(galaxies:) quasars: absorption lines,(galaxies:) quasars: supermassive black holes,(galaxies:)intergalactic medium,Astrophysics - Astrophysics of Galaxies,Astrophysics - Cosmology and Nongalactic Astrophysics}
}


@article{bolton2008PossibleEvidenceInverted,
  title = {Possible Evidence for an Inverted Temperature-Density Relation in the Intergalactic Medium from the Flux Distribution of the {{Ly$\alpha$}} Forest},
  author = {Bolton, J. S. and Viel, M. and Kim, T. -S. and Haehnelt, M. G. and Carswell, R. F.},
  year = {2008},
  month = may,
  journal = {Monthly Notices of the Royal Astronomical Society},
  volume = {386},
  pages = {1131--1144},
  doi = {10.1111/j.1365-2966.2008.13114.x},
  adsurl = {https://ui.adsabs.harvard.edu/abs/2008MNRAS.386.1131B},
  urldate = {2023-04-25},
  keywords = {Astrophysics,hydrodynamics,intergalactic medium,methods: numerical,quasars: absorption lines}
}



@Inbook{gp_Springer,
author="Quadrianto, Novi
and Kersting, Kristian
and Xu, Zhao",
editor="Sammut, Claude
and Webb, Geoffrey I.",
title="Gaussian Process",
bookTitle="Encyclopedia of Machine Learning",
year="2010",
publisher="Springer US",
address="Boston, MA",
pages="428--439",
isbn="978-0-387-30164-8",
doi="10.1007/978-0-387-30164-8_324",
url="https://doi.org/10.1007/978-0-387-30164-8_324"
}

@article{theuns2005NumericalSimulationsQuasar,
  title = {Numerical Simulations of Quasar Absorbers},
  author = {Theuns, Tom},
  year = {2005},
  month = mar,
  journal = {Proceedings of the International Astronomical Union},
  volume = {1},
  number = {C199},
  eprint = {astro-ph/0507570},
  pages = {185--204},
  doi = {10.1017/S1743921305002590},
  adsurl = {http://arxiv.org/abs/astro-ph/0507570},
  urldate = {2023-04-18},
  archiveprefix = {arxiv},
  keywords = {Astrophysics}
}


@article{bird2022ASTRIDSimulationGalaxy,
  title = {The {{ASTRID}} Simulation: Galaxy Formation and Reionization},
  author = {Bird, Simeon and Ni, Yueying and Di Matteo, Tiziana and Croft, Rupert and Feng, Yu and Chen, Nianyi},
  year = {2022},
  month = may,
  journal = {Monthly Notices of the Royal Astronomical Society},
  volume = {512},
  pages = {3703--3716},
  doi = {10.1093/mnras/stac648},
  adsurl = {https://ui.adsabs.harvard.edu/abs/2022MNRAS.512.3703B},
  urldate = {2023-04-18},
  keywords = {Astrophysics - Astrophysics of Galaxies,galaxies: formation,software: simulation}
}


@article{feng2018MpGadgetMpGadgetTag,
  title = {Mp-{{Gadget}}/{{Mp-Gadget}}: {{A Tag For Getting A Doi}}},
  author = {Feng, Yu and Bird, Simeon and Anderson, Lauren and {Font-Ribera}, Andreu and Pedersen, Chris},
  year = {2018},
  month = oct,
  journal = {Zenodo},
  doi = {10.5281/zenodo.1451799},
  adsurl = {https://ui.adsabs.harvard.edu/abs/2018zndo...1451799F},
  urldate = {2023-04-18}
}


@article{ali-haimoud2013EfficientImplementationMassive,
  title = {An Efficient Implementation of Massive Neutrinos in Non-Linear Structure Formation Simulations},
  author = {{Ali-Ha{\"i}moud}, Yacine and Bird, Simeon},
  year = {2013},
  month = feb,
  journal = {Monthly Notices of the Royal Astronomical Society},
  volume = {428},
  pages = {3375--3389},
  doi = {10.1093/mnras/sts286},
  adsurl = {https://ui.adsabs.harvard.edu/abs/2013MNRAS.428.3375A},
  urldate = {2023-04-18},
  keywords = {Astrophysics - Cosmology and Nongalactic Astrophysics,cosmology: dark matter,cosmology: large-scale structure of Universe,cosmology: theory,neutrinos}
}


@article{angulo2016CosmologicalNbodySimulations,
  title = {Cosmological {{N-body}} Simulations with Suppressed Variance},
  author = {Angulo, Raul E. and Pontzen, Andrew},
  year = {2016},
  month = oct,
  journal = {Monthly Notices of the Royal Astronomical Society},
  volume = {462},
  pages = {L1-L5},
  doi = {10.1093/mnrasl/slw098},
  adsurl = {https://ui.adsabs.harvard.edu/abs/2016MNRAS.462L...1A},
  urldate = {2023-04-18},
  keywords = {Astrophysics - Astrophysics of Galaxies,Astrophysics - Cosmology and Nongalactic Astrophysics,cosmology: theory,large-scale structure of Universe,methods: numerical}
}

@article{pontzen2016InvertedInitialConditions,
  title = {Inverted Initial Conditions: {{Exploring}} the Growth of Cosmic Structure and Voids},
  author = {Pontzen, Andrew and Slosar, An{\v z}e and Roth, Nina and Peiris, Hiranya V.},
  year = {2016},
  month = may,
  journal = {Physical Review D},
  volume = {93},
  pages = {103519},
  doi = {10.1103/PhysRevD.93.103519},
  adsurl = {https://ui.adsabs.harvard.edu/abs/2016PhRvD..93j3519P},
  urldate = {2023-04-18},
  keywords = {Astrophysics - Cosmology and Nongalactic Astrophysics}
}

@article{bolton2017SherwoodSimulationSuite,
  title = {The {{Sherwood}} Simulation Suite: Overview and Data Comparisons with the {{Lyman-alpha}} Forest at Redshifts 2 {$<$} z {$<$} 5},
  author = {Bolton, James S. and Puchwein, Ewald and Sijacki, Debora and Haehnelt, Martin G. and Kim, Tae-Sun and Meiksin, Avery and Regan, John A. and Viel, Matteo},
  year = {2017},
  month = jan,
  journal = {Monthly Notices of the Royal Astronomical Society},
  volume = {464},
  number = {1},
  eprint = {1605.03462},
  primaryclass = {astro-ph},
  pages = {897--914},
  doi = {10.1093/mnras/stw2397},
  url = {http://arxiv.org/abs/1605.03462},
  urldate = {2023-11-10},
  archiveprefix = {arXiv},
  keywords = {Astrophysics - Cosmology and Nongalactic Astrophysics}
}


@ARTICLE{Khan2024,
       author = {{Khan}, Nabendu Kumar and {Kulkarni}, Girish and {Bolton}, James S. and {Haehnelt}, Martin G. and {Ir{\v{s}}i{\v{c}}}, Vid and {Puchwein}, Ewald and {Asthana}, Shikhar},
        title = "{Particle initialization effects on Lyman-{\ensuremath{\alpha}} forest statistics in cosmological SPH simulations}",
      journal = {\mnras},
     keywords = {Astrophysics - Cosmology and Nongalactic Astrophysics},
         year = 2024,
        month = jun,
       volume = {530},
       number = {4},
        pages = {4920-4935},
          doi = {10.1093/mnras/stae662},
archivePrefix = {arXiv},
       eprint = {2310.07767},
 primaryClass = {astro-ph.CO},
       adsurl = {https://ui.adsabs.harvard.edu/abs/2024MNRAS.530.4920K},
      adsnote = {Provided by the SAO/NASA Astrophysics Data System}
}

@ARTICLE{Bird2020,
       author = {{Bird}, Simeon and {Feng}, Yu and {Pedersen}, Christian and {Font-Ribera}, Andreu},
        title = "{More accurate simulations with separate initial conditions for baryons and dark matter}",
      journal = {\jcap},
     keywords = {Astrophysics - Cosmology and Nongalactic Astrophysics},
         year = 2020,
        month = jun,
       volume = {2020},
       number = {6},
          eid = {002},
        pages = {002},
          doi = {10.1088/1475-7516/2020/06/002},
archivePrefix = {arXiv},
       eprint = {2002.00015},
 primaryClass = {astro-ph.CO},
       adsurl = {https://ui.adsabs.harvard.edu/abs/2020JCAP...06..002B},
      adsnote = {Provided by the SAO/NASA Astrophysics Data System}
}

@ARTICLE{irsicmcquinn2018,
       author = {{Ir{\v{s}}i{\v{c}}}, Vid and {McQuinn}, Matthew},
        title = "{Absorber Model: the Halo-like model for the Lyman-{\ensuremath{\alpha}} forest}",
      journal = {\jcap},
     keywords = {Astrophysics - Cosmology and Nongalactic Astrophysics},
         year = 2018,
        month = apr,
       volume = {2018},
       number = {4},
          eid = {026},
        pages = {026},
          doi = {10.1088/1475-7516/2018/04/026},
archivePrefix = {arXiv},
       eprint = {1801.02671},
 primaryClass = {astro-ph.CO},
       adsurl = {https://ui.adsabs.harvard.edu/abs/2018JCAP...04..026I},
      adsnote = {Provided by the SAO/NASA Astrophysics Data System}
}

@ARTICLE{Puchwein2023,
       author = {{Puchwein}, Ewald and {Bolton}, James S. and {Keating}, Laura C. and {Molaro}, Margherita and {Gaikwad}, Prakash and {Kulkarni}, Girish and {Haehnelt}, Martin G. and {Ir{\v{s}}i{\v{c}}}, Vid and {{\v{S}}oltinsk{\'y}}, Tom{\'a}{\v{s}} and {Viel}, Matteo and {Aubert}, Dominique and {Becker}, George D. and {Meiksin}, Avery},
        title = "{The Sherwood-Relics simulations: overview and impact of patchy reionization and pressure smoothing on the intergalactic medium}",
      journal = {\mnras},
     keywords = {methods: numerical, intergalactic medium, dark ages, reionization, first stars, Astrophysics - Cosmology and Nongalactic Astrophysics},
         year = 2023,
        month = mar,
       volume = {519},
       number = {4},
        pages = {6162-6183},
          doi = {10.1093/mnras/stac3761},
archivePrefix = {arXiv},
       eprint = {2207.13098},
 primaryClass = {astro-ph.CO},
       adsurl = {https://ui.adsabs.harvard.edu/abs/2023MNRAS.519.6162P},
      adsnote = {Provided by the SAO/NASA Astrophysics Data System}
}



@ARTICLE{Gaikwad2020,
       author = {{Gaikwad}, Prakash and {Rauch}, Michael and {Haehnelt}, Martin G. and {Puchwein}, Ewald and {Bolton}, James S. and {Keating}, Laura C. and {Kulkarni}, Girish and {Ir{\v{s}}i{\v{c}}}, Vid and {Ba{\~n}ados}, Eduardo and {Becker}, George D. and {Boera}, Elisa and {Zahedy}, Fakhri S. and {Chen}, Hsiao-Wen and {Carswell}, Robert F. and {Chardin}, Jonathan and {Rorai}, Alberto},
        title = "{Probing the thermal state of the intergalactic medium at z > 5 with the transmission spikes in high-resolution Ly {\ensuremath{\alpha}} forest spectra}",
      journal = {\mnras},
     keywords = {methods: numerical, galaxies: intergalactic medium, QSOs: absorption lines, cosmology: large-scale structure of Universe, Astrophysics - Cosmology and Nongalactic Astrophysics, Astrophysics - Astrophysics of Galaxies},
         year = 2020,
        month = jun,
       volume = {494},
       number = {4},
        pages = {5091-5109},
          doi = {10.1093/mnras/staa907},
archivePrefix = {arXiv},
       eprint = {2001.10018},
 primaryClass = {astro-ph.CO},
       adsurl = {https://ui.adsabs.harvard.edu/abs/2020MNRAS.494.5091G},
      adsnote = {Provided by the SAO/NASA Astrophysics Data System}
}



@ARTICLE{Gaikwad2021,
       author = {{Gaikwad}, Prakash and {Srianand}, Raghunathan and {Haehnelt}, Martin G. and {Choudhury}, Tirthankar Roy},
        title = "{A consistent and robust measurement of the thermal state of the IGM at 2 {\ensuremath{\leq}} z {\ensuremath{\leq}} 4 from a large sample of Ly {\ensuremath{\alpha}} forest spectra: evidence for late and rapid He II reionization}",
      journal = {\mnras},
     keywords = {methods: numerical, intergalactic medium, quasars: absorption lines, large-scale structure of Universe, Astrophysics - Cosmology and Nongalactic Astrophysics, Astrophysics - Astrophysics of Galaxies},
         year = 2021,
        month = sep,
       volume = {506},
       number = {3},
        pages = {4389-4412},
          doi = {10.1093/mnras/stab2017},
archivePrefix = {arXiv},
       eprint = {2009.00016},
 primaryClass = {astro-ph.CO},
       adsurl = {https://ui.adsabs.harvard.edu/abs/2021MNRAS.506.4389G},
      adsnote = {Provided by the SAO/NASA Astrophysics Data System}
}



@ARTICLE{Boera2019,
       author = {{Boera}, Elisa and {Becker}, George D. and {Bolton}, James S. and {Nasir}, Fahad},
        title = "{Revealing Reionization with the Thermal History of the Intergalactic Medium: New Constraints from the Ly{\ensuremath{\alpha}} Flux Power Spectrum}",
      journal = {\apj},
     keywords = {cosmology: observations, early universe, methods: observational, methods: statistical, quasars: absorption lines, Astrophysics - Cosmology and Nongalactic Astrophysics},
         year = 2019,
        month = feb,
       volume = {872},
       number = {1},
          eid = {101},
        pages = {101},
          doi = {10.3847/1538-4357/aafee4},
archivePrefix = {arXiv},
       eprint = {1809.06980},
 primaryClass = {astro-ph.CO},
       adsurl = {https://ui.adsabs.harvard.edu/abs/2019ApJ...872..101B},
      adsnote = {Provided by the SAO/NASA Astrophysics Data System}
}

@ARTICLE{irsic2024,
       author = {{Ir{\v{s}}i{\v{c}}}, Vid and {Viel}, Matteo and {Haehnelt}, Martin G. and {Bolton}, James S. and {Molaro}, Margherita and {Puchwein}, Ewald and {Boera}, Elisa and {Becker}, George D. and {Gaikwad}, Prakash and {Keating}, Laura C. and {Kulkarni}, Girish},
        title = "{Unveiling dark matter free streaming at the smallest scales with the high redshift Lyman-alpha forest}",
      journal = {\prd},
     keywords = {Astrophysics - Cosmology and Nongalactic Astrophysics, High Energy Physics - Phenomenology, High Energy Physics - Theory},
         year = 2024,
        month = feb,
       volume = {109},
       number = {4},
          eid = {043511},
        pages = {043511},
          doi = {10.1103/PhysRevD.109.043511},
archivePrefix = {arXiv},
       eprint = {2309.04533},
 primaryClass = {astro-ph.CO},
       adsurl = {https://ui.adsabs.harvard.edu/abs/2024PhRvD.109d3511I},
      adsnote = {Provided by the SAO/NASA Astrophysics Data System}
}




@ARTICLE{Kokron2022,
       author = {{Kokron}, Nickolas and {Chen}, Shi-Fan and {White}, Martin and {DeRose}, Joseph and {Maus}, Mark},
        title = "{Accurate predictions from small boxes: variance suppression via the Zel'dovich approximation}",
      journal = {\jcap},
     keywords = {cosmic flows, cosmological simulations, power spectrum, Statistical sampling techniques, Astrophysics - Cosmology and Nongalactic Astrophysics, Astrophysics - Instrumentation and Methods for Astrophysics},
         year = 2022,
        month = sep,
       volume = {2022},
       number = {9},
          eid = {059},
        pages = {059},
          doi = {10.1088/1475-7516/2022/09/059},
archivePrefix = {arXiv},
       eprint = {2205.15327},
 primaryClass = {astro-ph.CO},
       adsurl = {https://ui.adsabs.harvard.edu/abs/2022JCAP...09..059K},
      adsnote = {Provided by the SAO/NASA Astrophysics Data System}
}



@article{mcdonald2000ObservedProbabilityDistribution,
  title = {The {{Observed Probability Distribution Function}}, {{Power Spectrum}}, and {{Correlation Function}} of the {{Transmitted Flux}} in the {{Ly$\alpha$ Forest}}},
  author = {McDonald, Patrick and {Miralda-Escud{\'e}}, Jordi and Rauch, Michael and Sargent, Wallace L. W. and Barlow, Tom A. and Cen, Renyue and Ostriker, Jeremiah P.},
  year = {2000},
  month = nov,
  journal = {The Astrophysical Journal},
  volume = {543},
  pages = {1--23},
  publisher = {IOP},
  doi = {10.1086/317079},
  adsurl = {https://ui.adsabs.harvard.edu/abs/2000ApJ...543....1M},
  urldate = {2024-06-26},
  keywords = {Astrophysics,Cosmology: Large-Scale Structure of Universe,Cosmology: Observations,Galaxies: Intergalactic Medium,Galaxies: Quasars: Absorption Lines}
}


@ARTICLE{maion2022fpvariance,
       author = {{Maion}, Francisco and {Angulo}, Raul E. and {Zennaro}, Matteo},
        title = "{Statistics of biased tracers in variance-suppressed simulations}",
      journal = {\jcap},
     keywords = {cosmological simulations, Statistical sampling techniques, galaxy clustering, power spectrum, Astrophysics - Cosmology and Nongalactic Astrophysics, Astrophysics - Astrophysics of Galaxies},
         year = 2022,
        month = oct,
       volume = {2022},
       number = {10},
          eid = {036},
        pages = {036},
          doi = {10.1088/1475-7516/2022/10/036},
archivePrefix = {arXiv},
       eprint = {2204.03868},
 primaryClass = {astro-ph.CO},
       adsurl = {https://ui.adsabs.harvard.edu/abs/2022JCAP...10..036M},
      adsnote = {Provided by the SAO/NASA Astrophysics Data System}
}




@article{viel2004ConstraintsPrimordialPower,
  title = {Constraints on the Primordial Power Spectrum from High-Resolution {{Lyman}} {$\alpha$} Forest Spectra and {{WMAP}}},
  author = {Viel, Matteo and Weller, Jochen and Haehnelt, Martin G.},
  year = {2004},
  month = dec,
  journal = {Monthly Notices of the Royal Astronomical Society},
  volume = {355},
  pages = {L23-L28},
  doi = {10.1111/j.1365-2966.2004.08498.x},
  adsurl = {https://ui.adsabs.harvard.edu/abs/2004MNRAS.355L..23V},
  urldate = {2023-04-18},
  keywords = {Astrophysics,cosmic microwave background,cosmology: observations,cosmology: theory,quasars: absorption lines}
}


@ARTICLE{emunn_gunther,
       author = {{G{\"u}nther}, Sven and {Lesgourgues}, Julien and {Samaras}, Georgios and {Sch{\"o}neberg}, Nils and {Stadtmann}, Florian and {Fidler}, Christian and {Torrado}, Jes{\'u}s},
        title = "{CosmicNet II: emulating extended cosmologies with efficient and accurate neural networks}",
      journal = {\jcap},
     keywords = {Machine learning, cosmological parameters from CMBR, cosmology of theories beyond the SM, Astrophysics - Cosmology and Nongalactic Astrophysics, Astrophysics - Instrumentation and Methods for Astrophysics},
         year = 2022,
        month = nov,
       volume = {2022},
       number = {11},
          eid = {035},
        pages = {035},
          doi = {10.1088/1475-7516/2022/11/035},
archivePrefix = {arXiv},
       eprint = {2207.05707},
 primaryClass = {astro-ph.CO},
       adsurl = {https://ui.adsabs.harvard.edu/abs/2022JCAP...11..035G},
      adsnote = {Provided by the SAO/NASA Astrophysics Data System}
}

@ARTICLE{emunn_Perraudin,
       author = {{Perraudin}, Nathana{\"e}l and {Marcon}, Sandro and {Lucchi}, Aurelien and {Kacprzak}, Tomasz},
        title = "{Emulation of cosmological mass maps with conditional generative adversarial networks}",
      journal = {arXiv e-prints},
     keywords = {Astrophysics - Cosmology and Nongalactic Astrophysics, Computer Science - Machine Learning, Electrical Engineering and Systems Science - Image and Video Processing},
         year = 2020,
        month = apr,
          eid = {arXiv:2004.08139},
        pages = {arXiv:2004.08139},
          doi = {10.48550/arXiv.2004.08139},
archivePrefix = {arXiv},
       eprint = {2004.08139},
 primaryClass = {astro-ph.CO},
       adsurl = {https://ui.adsabs.harvard.edu/abs/2020arXiv200408139P},
      adsnote = {Provided by the SAO/NASA Astrophysics Data System}
}

@ARTICLE{emunn_Nygaard,
       author = {{Nygaard}, Andreas and {Brinch Holm}, Emil and {Hannestad}, Steen and {Tram}, Thomas},
        title = "{CONNECT: A neural network based framework for emulating cosmological observables and cosmological parameter inference}",
      journal = {arXiv e-prints},
     keywords = {Astrophysics - Instrumentation and Methods for Astrophysics, Astrophysics - Cosmology and Nongalactic Astrophysics, High Energy Physics - Theory},
         year = 2022,
        month = may,
          eid = {arXiv:2205.15726},
        pages = {arXiv:2205.15726},
          doi = {10.48550/arXiv.2205.15726},
archivePrefix = {arXiv},
       eprint = {2205.15726},
 primaryClass = {astro-ph.IM},
       adsurl = {https://ui.adsabs.harvard.edu/abs/2022arXiv220515726N},
      adsnote = {Provided by the SAO/NASA Astrophysics Data System}
}
@article{mckay1979ComparisonThreeMethods,
  title = {Comparison of Three Methods for Selecting Values of Input Variables in the Analysis of Output from a Computer Code},
  author = {McKay, Michael D and Beckman, Richard J and Conover, William J},
  year = {1979},
  journal = {Technometrics},
  volume = {21},
  number = {2},
  pages = {239--245}
}


@ARTICLE{Pedersen2021,
       author = {{Pedersen}, Christian and {Font-Ribera}, Andreu and {Rogers}, Keir K. and {McDonald}, Patrick and {Peiris}, Hiranya V. and {Pontzen}, Andrew and {Slosar}, An{\v{z}}e},
        title = "{An emulator for the Lyman-{\ensuremath{\alpha}} forest in beyond-{\ensuremath{\Lambda}}CDM cosmologies}",
      journal = {\jcap},
     keywords = {cosmological parameters from LSS, cosmological simulations, Lyman alpha forest, neutrino masses from cosmology, Astrophysics - Cosmology and Nongalactic Astrophysics},
         year = 2021,
        month = may,
       volume = {2021},
       number = {5},
          eid = {033},
        pages = {033},
          doi = {10.1088/1475-7516/2021/05/033},
archivePrefix = {arXiv},
       eprint = {2011.15127},
 primaryClass = {astro-ph.CO},
       adsurl = {https://ui.adsabs.harvard.edu/abs/2021JCAP...05..033P},
      adsnote = {Provided by the SAO/NASA Astrophysics Data System}
}

@article{kulkarni2015CharacterizingPressureSmoothing,
  title = {Characterizing the {{Pressure Smoothing Scale}} of the {{Intergalactic Medium}}},
  author = {Kulkarni, Girish and Hennawi, Joseph F. and O{\~n}orbe, Jose and Rorai, Alberto and Springel, Volker},
  year = {2015},
  month = oct,
  journal = {The Astrophysical Journal},
  volume = {812},
  number = {1},
  eprint = {1504.00366},
  primaryclass = {astro-ph},
  pages = {30},
  doi = {10.1088/0004-637X/812/1/30},
  adsurl = {http://arxiv.org/abs/1504.00366},
  urldate = {2023-04-20},
  archiveprefix = {arxiv},
  keywords = {Astrophysics - Cosmology and Nongalactic Astrophysics}
}


%DATA

@ARTICLE{Gadget_Springel,
       author = {{Springel}, Volker},
        title = "{The cosmological simulation code GADGET-2}",
      journal = {\mnras},
     keywords = {methods: numerical, galaxies: interactions, dark matter, Astrophysics},
         year = 2005,
        month = dec,
       volume = {364},
       number = {4},
        pages = {1105-1134},
          doi = {10.1111/j.1365-2966.2005.09655.x},
archivePrefix = {arXiv},
       eprint = {astro-ph/0505010},
 primaryClass = {astro-ph},
       adsurl = {https://ui.adsabs.harvard.edu/abs/2005MNRAS.364.1105S},
      adsnote = {Provided by the SAO/NASA Astrophysics Data System}
}

@ARTICLE{fixedpaired_Villaescusa,
       author = {{Villaescusa-Navarro}, Francisco and {Naess}, Sigurd and {Genel}, Shy and {Pontzen}, Andrew and {Wandelt}, Benjamin and {Anderson}, Lauren and {Font-Ribera}, Andreu and {Battaglia}, Nicholas and {Spergel}, David N.},
        title = "{Statistical Properties of Paired Fixed Fields}",
      journal = {\apj},
     keywords = {large-scale structure of universe, methods: numerical, methods: statistical, Astrophysics - Cosmology and Nongalactic Astrophysics, Astrophysics - Instrumentation and Methods for Astrophysics},
         year = 2018,
        month = nov,
       volume = {867},
       number = {2},
          eid = {137},
        pages = {137},
          doi = {10.3847/1538-4357/aae52b},
archivePrefix = {arXiv},
       eprint = {1806.01871},
 primaryClass = {astro-ph.CO},
       adsurl = {https://ui.adsabs.harvard.edu/abs/2018ApJ...867..137V},
      adsnote = {Provided by the SAO/NASA Astrophysics Data System}
}

@ARTICLE{emuparam_McDonald,
       author = {{McDonald}, Patrick and {Miralda-Escud{\'e}}, Jordi and {Rauch}, Michael and {Sargent}, Wallace L.~W. and {Barlow}, Tom A. and {Cen}, Renyue and {Ostriker}, Jeremiah P.},
        title = "{The Observed Probability Distribution Function, Power Spectrum, and Correlation Function of the Transmitted Flux in the Ly{\ensuremath{\alpha}} Forest}",
      journal = {\apj},
     keywords = {Cosmology: Observations, Galaxies: Intergalactic Medium, Cosmology: Large-Scale Structure of Universe, Galaxies: Quasars: Absorption Lines, Astrophysics},
         year = 2000,
        month = nov,
       volume = {543},
       number = {1},
        pages = {1-23},
          doi = {10.1086/317079},
archivePrefix = {arXiv},
       eprint = {astro-ph/9911196},
 primaryClass = {astro-ph},
       adsurl = {https://ui.adsabs.harvard.edu/abs/2000ApJ...543....1M},
      adsnote = {Provided by the SAO/NASA Astrophysics Data System}
}

@ARTICLE{emuparam_croft,
       author = {{Croft}, Rupert A.~C. and {Weinberg}, David H. and {Katz}, Neal and {Hernquist}, Lars},
        title = "{Recovery of the Power Spectrum of Mass Fluctuations from Observations of the Ly{\ensuremath{\alpha}} Forest}",
      journal = {\apj},
     keywords = {GALAXIES: QUASARS: ABSORPTION LINES, GALAXIES: FORMATION, COSMOLOGY: LARGE-SCALE STRUCTURE OF UNIVERSE, COSMOLOGY: THEORY, METHODS: NUMERICAL, Cosmology: Theory, Galaxies: Formation, Cosmology: Large-Scale Structure of Universe, Methods: Numerical, Galaxies: Quasars: Absorption Lines, Astrophysics},
         year = 1998,
        month = mar,
       volume = {495},
       number = {1},
        pages = {44-62},
          doi = {10.1086/305289},
archivePrefix = {arXiv},
       eprint = {astro-ph/9708018},
 primaryClass = {astro-ph},
       adsurl = {https://ui.adsabs.harvard.edu/abs/1998ApJ...495...44C},
      adsnote = {Provided by the SAO/NASA Astrophysics Data System}
}

@ARTICLE{emuparam_Gnedin,
       author = {{Gnedin}, Nickolay Y. and {Hamilton}, Andrew J.~S.},
        title = "{Matter power spectrum from the Lyman-alpha forest: myth or reality?}",
      journal = {\mnras},
     keywords = {galaxies: formation, intergalactic medium, cosmology: theory, large-scale structure of Universe, Astrophysics},
         year = 2002,
        month = jul,
       volume = {334},
       number = {1},
        pages = {107-116},
          doi = {10.1046/j.1365-8711.2002.05490.x},
archivePrefix = {arXiv},
       eprint = {astro-ph/0111194},
 primaryClass = {astro-ph},
       adsurl = {https://ui.adsabs.harvard.edu/abs/2002MNRAS.334..107G},
      adsnote = {Provided by the SAO/NASA Astrophysics Data System}
}



@ARTICLE{emuparamv2_PD2,
       author = {{Palanque-Delabrouille}, Nathalie and {Y{\`e}che}, Christophe and {Baur}, Julien and {Magneville}, Christophe and {Rossi}, Graziano and {Lesgourgues}, Julien and {Borde}, Arnaud and {Burtin}, Etienne and {LeGoff}, Jean-Marc and {Rich}, James and {Viel}, Matteo and {Weinberg}, David},
        title = "{Neutrino masses and cosmology with Lyman-alpha forest power spectrum}",
      journal = {\jcap},
     keywords = {Astrophysics - Cosmology and Nongalactic Astrophysics},
         year = 2015,
        month = nov,
       volume = {2015},
       number = {11},
        pages = {011-011},
          doi = {10.1088/1475-7516/2015/11/011},
archivePrefix = {arXiv},
       eprint = {1506.05976},
 primaryClass = {astro-ph.CO},
       adsurl = {https://ui.adsabs.harvard.edu/abs/2015JCAP...11..011P},
      adsnote = {Provided by the SAO/NASA Astrophysics Data System}
}

@ARTICLE{emuparamv2_Viel,
       author = {{Viel}, Matteo and {Haehnelt}, Martin G.},
        title = "{Cosmological and astrophysical parameters from the Sloan Digital Sky Survey flux power spectrum and hydrodynamical simulations of the Lyman {\ensuremath{\alpha}} forest}",
      journal = {\mnras},
     keywords = {intergalactic medium, quasars: absorption lines, cosmological parameters, large-scale structure of Universe, Astrophysics},
         year = 2006,
        month = jan,
       volume = {365},
       number = {1},
        pages = {231-244},
          doi = {10.1111/j.1365-2966.2005.09703.x},
archivePrefix = {arXiv},
       eprint = {astro-ph/0508177},
 primaryClass = {astro-ph},
       adsurl = {https://ui.adsabs.harvard.edu/abs/2006MNRAS.365..231V},
      adsnote = {Provided by the SAO/NASA Astrophysics Data System}
}

@ARTICLE{emuparamv2_Borde,
       author = {{Borde}, Arnaud and {Palanque-Delabrouille}, Nathalie and {Rossi}, Graziano and {Viel}, Matteo and {Bolton}, James S. and {Y{\`e}che}, Christophe and {LeGoff}, Jean-Marc and {Rich}, Jim},
        title = "{New approach for precise computation of Lyman-{\ensuremath{\alpha}} forest power spectrum with hydrodynamical simulations}",
      journal = {\jcap},
     keywords = {Astrophysics - Cosmology and Nongalactic Astrophysics},
         year = 2014,
        month = jul,
       volume = {2014},
       number = {7},
          eid = {005},
        pages = {005},
          doi = {10.1088/1475-7516/2014/07/005},
archivePrefix = {arXiv},
       eprint = {1401.6472},
 primaryClass = {astro-ph.CO},
       adsurl = {https://ui.adsabs.harvard.edu/abs/2014JCAP...07..005B},
      adsnote = {Provided by the SAO/NASA Astrophysics Data System}
}


@article{mcdonald2006LyaForestPowera,
  title = {The {{Ly$\alpha$ Forest Power Spectrum}} from the {{Sloan Digital Sky Survey}}},
  author = {McDonald, Patrick and Seljak, Uro{\v s} and Burles, Scott and Schlegel, David J. and Weinberg, David H. and Cen, Renyue and Shih, David and Schaye, Joop and Schneider, Donald P. and Bahcall, Neta A. and Briggs, John W. and Brinkmann, J. and Brunner, Robert J. and Fukugita, Masataka and Gunn, James E. and Ivezi{\'c}, {\v Z}eljko and Kent, Stephen and Lupton, Robert H. and Vanden Berk, Daniel E.},
  year = {2006},
  month = mar,
  journal = {The Astrophysical Journal Supplement Series},
  volume = {163},
  pages = {80--109},
  doi = {10.1086/444361},
  url = {https://ui.adsabs.harvard.edu/abs/2006ApJS..163...80M},
  urldate = {2023-05-11},
  keywords = {Astrophysics,Cosmology: Large-Scale Structure of Universe,Cosmology: Observations,Galaxies: Intergalactic Medium,Galaxies: Quasars: Absorption Lines,Methods: Data Analysis}
}

@article{mcdonald2005LinearTheoryPower,
  title = {The {{Linear Theory Power Spectrum}} from the {{Lyman-alpha Forest}} in the {{Sloan Digital Sky Survey}}},
  author = {McDonald, P. and Seljak, U. and Cen, R. and Shih, D. and Weinberg, D. H. and Burles, S. and Schneider, D. P. and Schlegel, D. J. and Bahcall, N. A. and Briggs, J. W. and Brinkmann, J. and Fukugita, M. and Ivezic, Z. and Kent, S. and Berk, D. E. Vanden},
  year = {2005},
  month = dec,
  journal = {The Astrophysical Journal},
  volume = {635},
  number = {2},
  eprint = {astro-ph/0407377},
  pages = {761--783},
  doi = {10.1086/497563},
  url = {http://arxiv.org/abs/astro-ph/0407377},
  adsurl = {https://ui.adsabs.harvard.edu/abs/2005ApJ...635..761M},
  urldate = {2024-02-13},
  archiveprefix = {arxiv},
  keywords = {Astrophysics}
}

@article{cuceu2023ConstraintsCosmicExpansion,
  title = {Constraints on the {{Cosmic Expansion Rate}} at {{Redshift}} 2.3 from the {{Lyman-$\alpha$ Forest}}},
  author = {Cuceu, Andrei and {Font-Ribera}, Andreu and Nadathur, Seshadri and Joachimi, Benjamin and Martini, Paul},
  year = {2023},
  month = may,
  journal = {Physical Review Letters},
  volume = {130},
  pages = {191003},
  doi = {10.1103/PhysRevLett.130.191003},
  adsurl = {https://ui.adsabs.harvard.edu/abs/2023PhRvL.130s1003C},
  urldate = {2023-11-20},
  keywords = {Astrophysics - Cosmology and Nongalactic Astrophysics}
}


@article{alcock1979EvolutionFreeTesta,
  title = {An Evolution Free Test for Non-Zero Cosmological Constant},
  author = {Alcock, C. and Paczynski, B.},
  year = {1979},
  month = oct,
  journal = {Nature},
  volume = {281},
  pages = {358},
  doi = {10.1038/281358a0},
  adsurl = {https://ui.adsabs.harvard.edu/abs/1979Natur.281..358A},
  urldate = {2024-04-10},
  keywords = {Astrophysics}
}


@misc{desicollaboration2024DESI2024IV,
  title = {{{DESI}} 2024 {{IV}}: {{Baryon Acoustic Oscillations}} from the {{Lyman Alpha Forest}}},
  author = {{DESI Collaboration} and Adame, A. G. and Aguilar, J. and Ahlen, S. and Alam, S. and Alexander, D. M. and Alvarez, M. and Alves, O. and Anand, A. and Andrade, U. and Armengaud, E. and Avila, S. and Aviles, A. and Awan, H. and Bailey, S. and Baltay, C. and Bault, A. and Bautista, J. and Behera, J. and BenZvi, S. and Beutler, F. and Bianchi, D. and Blake, C. and Blum, R. and Brieden, S. and Brodzeller, A. and Brooks, D. and {Buckley-Geer}, E. and Burtin, E. and Calderon, R. and Canning, R. and Carnero Rosell, A. and Cereskaite, R. and {Cervantes-Cota}, J. L. and Chabanier, S. and Chaussidon, E. and {Chaves-Montero}, J. and Chen, S. and Chen, X. and Claybaugh, T. and Cole, S. and Cuceu, A. and Davis, T. M. and Dawson, K. and {de la Cruz}, R. and {de la Macorra}, A. and {de Mattia}, A. and Deiosso, N. and Dey, A. and Dey, B. and Ding, J. and Ding, Z. and Doel, P. and Edelstein, J. and Eftekharzadeh, S. and Eisenstein, D. J. and Elliott, A. and Fagrelius, P. and Fanning, K. and Ferraro, S. and Ereza, J. and Findlay, N. and Flaugher, B. and {Font-Ribera}, A. and {Forero-S{\'a}nchez}, D. and {Forero-Romero}, J. E. and {Garcia-Quintero}, C. and Gazta{\~n}aga, E. and {Gil-Mar{\'i}n}, H. and Gontcho, S. Gontcho A and {Gonzalez-Morales}, A. X. and {Gonzalez-Perez}, V. and Gordon, C. and Green, D. and Gruen, D. and Gsponer, R. and Gutierrez, G. and Guy, J. and Hadzhiyska, B. and Hahn, C. and Hanif, M. M. S and {Herrera-Alcantar}, H. K. and Honscheid, K. and Howlett, C. and Huterer, D. and Ir{\v s}i{\v c}, V. and Ishak, M. and Juneau, S. and Kara{\c c}ayli, N. G. and Kehoe, R. and Kent, S. and Kirkby, D. and Kremin, A. and Krolewski, A. and Lai, Y. and Lan, T. -W. and Landriau, M. and Lang, D. and Lasker, J. and Le Goff, J. M. and Le Guillou, L. and Leauthaud, A. and Levi, M. E. and Li, T. S. and Linder, E. and Lodha, K. and Magneville, C. and Manera, M. and Margala, D. and Martini, P. and Maus, M. and McDonald, P. and {Medina-Varela}, L. and Meisner, A. and {Mena-Fern{\'a}ndez}, J. and Miquel, R. and Moon, J. and Moore, S. and Moustakas, J. and Mudur, N. and Mueller, E. and {Mu{\~n}oz-Guti{\'e}rrez}, A. and Myers, A. D. and Nadathur, S. and Napolitano, L. and Neveux, R. and Newman, J. A. and Nguyen, N. M. and Nie, J. and Niz, G. and Noriega, H. E. and Padmanabhan, N. and Paillas, E. and {Palanque-Delabrouille}, N. and Pan, J. and Penmetsa, S. and Percival, W. J. and Pieri, M. M. and Pinon, M. and Poppett, C. and Porredon, A. and Prada, F. and {P{\'e}rez-Fern{\'a}ndez}, A. and {P{\'e}rez-R{\`a}fols}, I. and Rabinowitz, D. and Raichoor, A. and {Ram{\'i}rez-P{\'e}rez}, C. and {Ramirez-Solano}, S. and Rashkovetskyi, M. and Ravoux, C. and Rezaie, M. and Rich, J. and Rocher, A. and Rockosi, C. and Roe, N. A. and {Rosado-Marin}, A. and Ross, A. J. and Rossi, G. and Ruggeri, R. and {Ruhlmann-Kleider}, V. and Samushia, L. and Sanchez, E. and Saulder, C. and Schlafly, E. F. and Schlegel, D. and Schubnell, M. and Seo, H. and Sharples, R. and Silber, J. and Sinigaglia, F. and Slosar, A. and Smith, A. and Sprayberry, D. and Tan, T. and Tarl{\'e}, G. and Trusov, S. and Vaisakh, R. and Valcin, D. and Valdes, F. and {Vargas-Maga{\~n}a}, M. and Verde, L. and Walther, M. and Wang, B. and Wang, M. S. and Weaver, B. A. and Weaverdyck, N. and Wechsler, R. H. and Weinberg, D. H. and White, M. and Yu, J. and Yu, Y. and Yuan, S. and Y{\`e}che, C. and Zaborowski, E. A. and Zarrouk, P. and Zhang, H. and Zhao, C. and Zhao, R. and Zhou, R. and Zou, H.},
  year = {2024},
  month = apr,
  journal = {arXiv e-prints},
  doi = {10.48550/arXiv.2404.03001},
  adsurl = {https://ui.adsabs.harvard.edu/abs/2024arXiv240403001D},
  urldate = {2024-04-10},
  keywords = {Astrophysics - Cosmology and Nongalactic Astrophysics}
}


@article{mcdonald2003MeasurementCosmologicalGeometry,
  title = {Toward a {{Measurement}} of the {{Cosmological Geometry}} at Z{\textasciitilde}2: {{Predicting Lyman-alpha Forest Correlation}} in {{Three Dimensions}}, and the {{Potential}} of {{Future Data Sets}}},
  author = {McDonald, Patrick},
  year = {2003},
  month = mar,
  journal = {The Astrophysical Journal},
  volume = {585},
  number = {1},
  eprint = {astro-ph/0108064},
  pages = {34--51},
  doi = {10.1086/345945},
  url = {http://arxiv.org/abs/astro-ph/0108064},
  urldate = {2023-07-31},
  archiveprefix = {arxiv},
  keywords = {Astrophysics}
}


@article{palanque-delabrouille2015ConstraintNeutrinoMasses,
  title = {Constraint on Neutrino Masses from {{SDSS-III}}/{{BOSS Ly$\alpha$}} Forest and Other Cosmological Probes},
  author = {{Palanque-Delabrouille}, Nathalie and Y{\`e}che, Christophe and Lesgourgues, Julien and Rossi, Graziano and Borde, Arnaud and Viel, Matteo and Aubourg, Eric and Kirkby, David and LeGoff, Jean-Marc and Rich, James and Roe, Natalie and Ross, Nicholas P. and Schneider, Donald P. and Weinberg, David},
  year = {2015},
  month = feb,
  journal = {Journal of Cosmology and Astroparticle Physics},
  volume = {2015},
  pages = {045--045},
  doi = {10.1088/1475-7516/2015/02/045},
  url = {https://ui.adsabs.harvard.edu/abs/2015JCAP...02..045P},
  urldate = {2023-05-11},
  keywords = {Astrophysics - Cosmology and Nongalactic Astrophysics}
}


@article{seljak2005CosmologicalParameterAnalysis,
  title = {Cosmological Parameter Analysis Including {{SDSS Ly$\alpha$}} Forest and Galaxy Bias: {{Constraints}} on the Primordial Spectrum of Fluctuations, Neutrino Mass, and Dark Energy},
  author = {Seljak, Uro{\v s} and Makarov, Alexey and McDonald, Patrick and Anderson, Scott F. and Bahcall, Neta A. and Brinkmann, J. and Burles, Scott and Cen, Renyue and Doi, Mamoru and Gunn, James E. and Ivezi{\'c}, {\v Z}eljko and Kent, Stephen and Loveday, Jon and Lupton, Robert H. and Munn, Jeffrey A. and Nichol, Robert C. and Ostriker, Jeremiah P. and Schlegel, David J. and Schneider, Donald P. and Tegmark, Max and Berk, Daniel E. and Weinberg, David H. and York, Donald G.},
  year = {2005},
  month = may,
  journal = {Physical Review D},
  volume = {71},
  pages = {103515},
  publisher = {APS},
  doi = {10.1103/PhysRevD.71.103515},
  adsurl = {https://ui.adsabs.harvard.edu/abs/2005PhRvD..71j3515S},
  urldate = {2024-06-05},
  keywords = {98.80.Es,Astrophysics,High Energy Physics - Experiment,High Energy Physics - Phenomenology,Observational cosmology}
}

@article{seljak2006CosmologicalParametersCombining,
  title = {Cosmological Parameters from Combining the {{Lyman-$\alpha$}} Forest with {{CMB}}, Galaxy Clustering and {{SN}} Constraints},
  author = {Seljak, Uros and Slosar, Anze and McDonald, Patrick},
  year = {2006},
  month = oct,
  journal = {Journal of Cosmology and Astroparticle Physics},
  volume = {2006},
  pages = {014},
  publisher = {IOP},
  doi = {10.1088/1475-7516/2006/10/014},
  adsurl = {https://ui.adsabs.harvard.edu/abs/2006JCAP...10..014S},
  urldate = {2024-06-05},
  keywords = {Astrophysics,High Energy Physics - Phenomenology}
}

@article{spergel2003FirstYearWilkinsonMicrowave,
  title = {First-{{Year Wilkinson Microwave Anisotropy Probe}} ({{WMAP}}) {{Observations}}: {{Determination}} of {{Cosmological Parameters}}},
  author = {Spergel, D. N. and Verde, L. and Peiris, H. V. and Komatsu, E. and Nolta, M. R. and Bennett, C. L. and Halpern, M. and Hinshaw, G. and Jarosik, N. and Kogut, A. and Limon, M. and Meyer, S. S. and Page, L. and Tucker, G. S. and Weiland, J. L. and Wollack, E. and Wright, E. L.},
  year = {2003},
  month = sep,
  journal = {The Astrophysical Journal Supplement Series},
  volume = {148},
  pages = {175--194},
  publisher = {IOP},
  doi = {10.1086/377226},
  adsurl = {https://ui.adsabs.harvard.edu/abs/2003ApJS..148..175S},
  urldate = {2024-06-05},
  keywords = {Astrophysics,Cosmology: Cosmic Microwave Background,Cosmology: Cosmological Parameters- Cosmology: Observations,Cosmology: Early Universe}
}

@article{verde2003FirstYearWilkinsonMicrowave,
  title = {First-{{Year Wilkinson Microwave Anisotropy Probe}} ({{WMAP}}) {{Observations}}: {{Parameter Estimation Methodology}}},
  author = {Verde, L. and Peiris, H. V. and Spergel, D. N. and Nolta, M. R. and Bennett, C. L. and Halpern, M. and Hinshaw, G. and Jarosik, N. and Kogut, A. and Limon, M. and Meyer, S. S. and Page, L. and Tucker, G. S. and Wollack, E. and Wright, E. L.},
  year = {2003},
  month = sep,
  journal = {The Astrophysical Journal Supplement Series},
  volume = {148},
  pages = {195--211},
  publisher = {IOP},
  doi = {10.1086/377335},
  adsurl = {https://ui.adsabs.harvard.edu/abs/2003ApJS..148..195V},
  urldate = {2024-06-05},
  keywords = {Astrophysics,Cosmology: Cosmic Microwave Background,Cosmology: Cosmological Parameters- Cosmology: Observations,Methods: Data Analysis,Methods: Statistical}
}


@article{palanque-delabrouille2020HintsNeutrinoBounds,
  title = {Hints, Neutrino Bounds, and {{WDM}} Constraints from {{SDSS DR14 Lyman-$\alpha$}} and {{Planck}} Full-Survey Data},
  author = {{Palanque-Delabrouille}, Nathalie and Y{\`e}che, Christophe and Sch{\"o}neberg, Nils and Lesgourgues, Julien and Walther, Michael and Chabanier, Sol{\`e}ne and Armengaud, Eric},
  year = {2020},
  month = apr,
  journal = {Journal of Cosmology and Astroparticle Physics},
  volume = {2020},
  pages = {038},
  doi = {10.1088/1475-7516/2020/04/038},
  url = {https://ui.adsabs.harvard.edu/abs/2020JCAP...04..038P},
  urldate = {2023-05-11},
  keywords = {Astrophysics - Cosmology and Nongalactic Astrophysics}
}

@article{yeche2017ConstraintsNeutrinoMasses,
  title = {Constraints on Neutrino Masses from {{Lyman-alpha}} Forest Power Spectrum with {{BOSS}} and {{XQ-100}}},
  author = {Y{\`e}che, Christophe and {Palanque-Delabrouille}, Nathalie and Baur, Julien and {du Mas des Bourboux}, H{\'e}lion},
  year = {2017},
  month = jun,
  journal = {Journal of Cosmology and Astroparticle Physics},
  volume = {2017},
  pages = {047},
  doi = {10.1088/1475-7516/2017/06/047},
  url = {https://ui.adsabs.harvard.edu/abs/2017JCAP...06..047Y},
  urldate = {2023-05-11},
  keywords = {Astrophysics - Cosmology and Nongalactic Astrophysics}
}


% emulators
@ARTICLE{gpemucosmo_kwan,
       author = {{Kwan}, Juliana and {Heitmann}, Katrin and {Habib}, Salman and {Padmanabhan}, Nikhil and {Lawrence}, Earl and {Finkel}, Hal and {Frontiere}, Nicholas and {Pope}, Adrian},
        title = "{Cosmic Emulation: Fast Predictions for the Galaxy Power Spectrum}",
      journal = {\apj},
     keywords = {cosmology: theory, large-scale structure of universe, Astrophysics - Cosmology and Nongalactic Astrophysics},
         year = 2015,
        month = sep,
       volume = {810},
       number = {1},
          eid = {35},
        pages = {35},
          doi = {10.1088/0004-637X/810/1/35},
archivePrefix = {arXiv},
       eprint = {1311.6444},
 primaryClass = {astro-ph.CO},
       adsurl = {https://ui.adsabs.harvard.edu/abs/2015ApJ...810...35K},
      adsnote = {Provided by the SAO/NASA Astrophysics Data System}
}

@ARTICLE{gpemucosmo_Zhai,
       author = {{Zhai}, Zhongxu and {Tinker}, Jeremy L. and {Becker}, Matthew R. and {DeRose}, Joseph and {Mao}, Yao-Yuan and {McClintock}, Thomas and {McLaughlin}, Sean and {Rozo}, Eduardo and {Wechsler}, Risa H.},
        title = "{The Aemulus Project. III. Emulation of the Galaxy Correlation Function}",
      journal = {\apj},
     keywords = {large-scale structure of universe, methods: numerical, methods: statistical, Astrophysics - Cosmology and Nongalactic Astrophysics, Astrophysics - Astrophysics of Galaxies, Astrophysics - Instrumentation and Methods for Astrophysics},
         year = 2019,
        month = mar,
       volume = {874},
       number = {1},
          eid = {95},
        pages = {95},
          doi = {10.3847/1538-4357/ab0d7b},
archivePrefix = {arXiv},
       eprint = {1804.05867},
 primaryClass = {astro-ph.CO},
       adsurl = {https://ui.adsabs.harvard.edu/abs/2019ApJ...874...95Z},
      adsnote = {Provided by the SAO/NASA Astrophysics Data System}
}

@ARTICLE{gpemucosmo_rogers,
       author = {{Rogers}, Keir K. and {Peiris}, Hiranya V.},
        title = "{Strong Bound on Canonical Ultralight Axion Dark Matter from the Lyman-Alpha Forest}",
      journal = {\prl},
     keywords = {Astrophysics - Cosmology and Nongalactic Astrophysics, High Energy Physics - Phenomenology},
         year = 2021,
        month = feb,
       volume = {126},
       number = {7},
          eid = {071302},
        pages = {071302},
          doi = {10.1103/PhysRevLett.126.071302},
archivePrefix = {arXiv},
       eprint = {2007.12705},
 primaryClass = {astro-ph.CO},
       adsurl = {https://ui.adsabs.harvard.edu/abs/2021PhRvL.126g1302R},
      adsnote = {Provided by the SAO/NASA Astrophysics Data System}
}


@ARTICLE{emugp_rogers2019,
       author = {{Rogers}, Keir K. and {Peiris}, Hiranya V. and {Pontzen}, Andrew and {Bird}, Simeon and {Verde}, Licia and {Font-Ribera}, Andreu},
        title = "{Bayesian emulator optimisation for cosmology: application to the Lyman-alpha forest}",
      journal = {\jcap},
     keywords = {Astrophysics - Cosmology and Nongalactic Astrophysics},
         year = 2019,
        month = feb,
       volume = {2019},
       number = {2},
          eid = {031},
        pages = {031},
          doi = {10.1088/1475-7516/2019/02/031},
archivePrefix = {arXiv},
       eprint = {1812.04631},
 primaryClass = {astro-ph.CO},
       adsurl = {https://ui.adsabs.harvard.edu/abs/2019JCAP...02..031R},
      adsnote = {Provided by the SAO/NASA Astrophysics Data System}
}

@ARTICLE{emugp_Takhtaganov2021,
       author = {{Takhtaganov}, Timur and {Luki{\'c}}, Zarija and {M{\"u}ller}, Juliane and {Morozov}, Dmitriy},
        title = "{Cosmic Inference: Constraining Parameters with Observations and a Highly Limited Number of Simulations}",
      journal = {\apj},
     keywords = {cosmology: cosmological parameters, galaxies: intergalactic medium, methods: computational},
         year = 2021,
        month = jan,
       volume = {906},
       number = {2},
          eid = {74},
        pages = {74},
          doi = {10.3847/1538-4357/abc8ed},
       adsurl = {https://ui.adsabs.harvard.edu/abs/2021ApJ...906...74T},
      adsnote = {Provided by the SAO/NASA Astrophysics Data System}
}



@ARTICLE{nn_lecun98,
author={Y. Lecun and L. Bottou and Y. Bengio and P. Haffner},
journal={Proceedings of the IEEE},
title={Gradient-based learning applied to document recognition},
year={1998},
volume={86},
number={11},
pages={2278-2324},
keywords={optical character recognition;multilayer perceptrons;backpropagation;convolution;gradient-based learning;document recognition;multilayer neural networks;back-propagation;gradient based learning technique;complex decision surface synthesis;high-dimensional patterns;handwritten character recognition;handwritten digit recognition task;2D shape variability;document recognition systems;field extraction;segmentation recognition;language modeling;graph transformer networks;GTN;multimodule systems;performance measure minimization;cheque reading;convolutional neural network character recognizers;Neural networks;Pattern recognition;Machine learning;Optical character recognition software;Character recognition;Feature extraction;Multi-layer neural network;Optical computing;Hidden Markov models;Principal component analysis},
doi={10.1109/5.726791},
ISSN={0018-9219},
month={Nov},}


@article{pedersen2023CompressingCosmologicalInformation,
  title = {Compressing the {{Cosmological Information}} in {{One-dimensional Correlations}} of the {{Lyman-$\alpha$ Forest}}},
  author = {Pedersen, Christian and {Font-Ribera}, Andreu and Gnedin, Nickolay Y.},
  year = {2023},
  month = feb,
  journal = {The Astrophysical Journal},
  volume = {944},
  pages = {223},
  doi = {10.3847/1538-4357/acb433},
  adsurl = {https://ui.adsabs.harvard.edu/abs/2023ApJ...944..223P},
  urldate = {2023-04-27},
  keywords = {1861,343,902,980,Astronomy data reduction,Astrophysics - Cosmology and Nongalactic Astrophysics,Cosmology,Large-scale structure of the universe,Lyman alpha forest}
}


%NN EMULATOR
@TECHREPORT{MDN_Bishop1994,
    author = {Christopher M. Bishop},
    title = {Mixture density networks},
    institution = {},
    journal = {Technical report},
    year = {1994}
}

@ARTICLE{LeakyReLU_Xu2015,
       author = {{Xu}, Bing and {Wang}, Naiyan and {Chen}, Tianqi and {Li}, Mu},
        title = "{Empirical Evaluation of Rectified Activations in Convolutional Network}",
      journal = {arXiv e-prints},
     keywords = {Computer Science - Machine Learning, Computer Science - Computer Vision and Pattern Recognition, Statistics - Machine Learning},
         year = 2015,
        month = may,
          eid = {arXiv:1505.00853},
        pages = {arXiv:1505.00853},
          doi = {10.48550/arXiv.1505.00853},
archivePrefix = {arXiv},
       eprint = {1505.00853},
 primaryClass = {cs.LG},
       adsurl = {https://ui.adsabs.harvard.edu/abs/2015arXiv150500853X},
      adsnote = {Provided by the SAO/NASA Astrophysics Data System}
}

@inproceedings{adam_Diederik2015,
  author    = {Diederik P. Kingma and
               Jimmy Ba},
  editor    = {Yoshua Bengio and
               Yann LeCun},
  title     = {Adam: {A} Method for Stochastic Optimization},
  booktitle = {3rd International Conference on Learning Representations, {ICLR} 2015,
               San Diego, CA, USA, May 7-9, 2015, Conference Track Proceedings},
  year      = {2015},
  url       = {http://arxiv.org/abs/1412.6980},
  timestamp = {Thu, 25 Jul 2019 14:25:37 +0200},
  biburl    = {https://dblp.org/rec/journals/corr/KingmaB14.bib},
  bibsource = {dblp computer science bibliography, https://dblp.org}
}

@article{relu_Agarap, 
  title={Deep learning using rectified linear units (relu)}, 
  author={Agarap, Abien Fred}, 
  journal={arXiv preprint arXiv:1803.08375}, 
  year={2018} 
}

% RESULTS

@article{angulo2020BACCOSimulationProject,
  title = {The {{BACCO Simulation Project}}: {{Exploiting}} the Full Power of Large-Scale Structure for Cosmology},
  author = {Angulo, Raul E. and Zennaro, Matteo and Contreras, Sergio and Aric{\`o}, Giovanni and {Pellejero-Iba{\~n}ez}, Marcos and St{\"u}cker, Jens},
  year = {2020},
  month = apr,
  journal = {arXiv:2004.06245 [astro-ph]},
  eprint = {2004.06245},
  primaryclass = {astro-ph},
  adsurl = {http://arxiv.org/abs/2004.06245},
  urldate = {2020-04-23},
  archiveprefix = {arxiv},
  langid = {english},
  keywords = {Astrophysics - Astrophysics of Galaxies,Astrophysics - Cosmology and Nongalactic Astrophysics}
}

@article{heitmann2009CoyoteUniverseII,
  title = {The {{Coyote Universe}}. {{II}}. {{Cosmological Models}} and {{Precision Emulation}} of the {{Nonlinear Matter Power Spectrum}}},
  author = {Heitmann, Katrin and Higdon, David and White, Martin and Habib, Salman and Williams, Brian J. and Lawrence, Earl and Wagner, Christian},
  year = {2009},
  month = nov,
  journal = {The Astrophysical Journal},
  volume = {705},
  pages = {156--174},
  doi = {10.1088/0004-637X/705/1/156},
  adsurl = {https://ui.adsabs.harvard.edu/abs/2009ApJ...705..156H},
  urldate = {2022-11-17},
  keywords = {Astrophysics - Cosmology and Extragalactic Astrophysics,High Energy Physics - Phenomenology,large-scale structure of universe,methods: statistical}
}

@article{euclidcollaboration2021EuclidPreparationIX,
  title = {Euclid Preparation: {{IX}}. {{EuclidEmulator2}} - Power Spectrum Emulation with Massive Neutrinos and Self-Consistent Dark Energy Perturbations},
  author = {{Euclid Collaboration} and Knabenhans, M. and Stadel, J. and Potter, D. and Dakin, J. and Hannestad, S. and Tram, T. and Marelli, S. and Schneider, A. and Teyssier, R. and Fosalba, P. and Andreon, S. and Auricchio, N. and Baccigalupi, C. and {Balaguera-Antol{\'i}nez}, A. and Baldi, M. and Bardelli, S. and Battaglia, P. and Bender, R. and Biviano, A. and Bodendorf, C. and Bozzo, E. and Branchini, E. and Brescia, M. and Burigana, C. and Cabanac, R. and Camera, S. and Capobianco, V. and Cappi, A. and Carbone, C. and Carretero, J. and Carvalho, C. S. and Casas, R. and Casas, S. and Castellano, M. and Castignani, G. and Cavuoti, S. and Cledassou, R. and {Colodro-Conde}, C. and Congedo, G. and Conselice, C. J. and Conversi, L. and Copin, Y. and Corcione, L. and Coupon, J. and Courtois, H. M. and Da Silva, A. and {de la Torre}, S. and Di Ferdinando, D. and Duncan, C. A. J. and Dupac, X. and Fabbian, G. and Farrens, S. and Ferreira, P. G. and Finelli, F. and Frailis, M. and Franceschi, E. and Galeotta, S. and Garilli, B. and Giocoli, C. and Gozaliasl, G. and {Graci{\'a}-Carpio}, J. and Grupp, F. and Guzzo, L. and Holmes, W. and Hormuth, F. and Israel, H. and Jahnke, K. and Keihanen, E. and Kermiche, S. and Kirkpatrick, C. C. and Kubik, B. and Kunz, M. and {Kurki-Suonio}, H. and Ligori, S. and Lilje, P. B. and Lloro, I. and Maino, D. and Marggraf, O. and Markovic, K. and Martinet, N. and Marulli, F. and Massey, R. and Mauri, N. and Maurogordato, S. and Medinaceli, E. and Meneghetti, M. and Metcalf, B. and Meylan, G. and Moresco, M. and Morin, B. and Moscardini, L. and Munari, E. and Neissner, C. and Niemi, S. M. and Padilla, C. and Paltani, S. and Pasian, F. and Patrizii, L. and Pettorino, V. and Pires, S. and Polenta, G. and Poncet, M. and Raison, F. and Renzi, A. and Rhodes, J. and Riccio, G. and Romelli, E. and Roncarelli, M. and Saglia, R. and S{\'a}nchez, A. G. and Sapone, D. and Schneider, P. and Scottez, V. and Secroun, A. and Serrano, S. and Sirignano, C. and Sirri, G. and Stanco, L. and Sureau, F. and Tallada Cresp{\'i}, P. and Taylor, A. N. and Tenti, M. and Tereno, I. and {Toledo-Moreo}, R. and Torradeflot, F. and Valenziano, L. and Valiviita, J. and Vassallo, T. and Viel, M. and Wang, Y. and Welikala, N. and Whittaker, L. and Zacchei, A. and Zucca, E.},
  year = {2021},
  month = aug,
  journal = {Monthly Notices of the Royal Astronomical Society},
  volume = {505},
  pages = {2840--2869},
  doi = {10.1093/mnras/stab1366},
  adsurl = {https://ui.adsabs.harvard.edu/abs/2021MNRAS.505.2840E},
  urldate = {2023-04-20},
  keywords = {Astrophysics - Cosmology and Nongalactic Astrophysics,cosmological parameters,large-scale structure of Universe,methods: numerical,methods: statistical}
}

@article{heitmann2016MiraTitanUniversePrecision,
  title = {The {{Mira-Titan Universe}}: {{Precision Predictions}} for {{Dark Energy Surveys}}},
  author = {Heitmann, Katrin and Bingham, Derek and Lawrence, Earl and Bergner, Steven and Habib, Salman and Higdon, David and Pope, Adrian and Biswas, Rahul and Finkel, Hal and Frontiere, Nicholas and Bhattacharya, Suman},
  year = {2016},
  month = apr,
  journal = {The Astrophysical Journal},
  volume = {820},
  pages = {108},
  doi = {10.3847/0004-637X/820/2/108},
  adsurl = {https://ui.adsabs.harvard.edu/abs/2016ApJ...820..108H},
  urldate = {2023-04-20},
  keywords = {Astrophysics - Cosmology and Nongalactic Astrophysics,large-scale structure of universe,methods: statistical}
}

@article{bird2017FSFEFakeSpectra,
  title = {{{FSFE}}: {{Fake Spectra Flux Extractor}}},
  author = {Bird, Simeon},
  year = {2017},
  month = oct,
  journal = {Astrophysics Source Code Library},
  pages = {ascl:1710.012},
  adsurl = {https://ui.adsabs.harvard.edu/abs/2017ascl.soft10012B},
  urldate = {2023-04-20},
  keywords = {Software}
}


@article{lawrence2017MiraTitanUniverseII,
  title = {The {{Mira-Titan Universe}}. {{II}}. {{Matter Power Spectrum Emulation}}},
  author = {Lawrence, Earl and Heitmann, Katrin and Kwan, Juliana and Upadhye, Amol and Bingham, Derek and Habib, Salman and Higdon, David and Pope, Adrian and Finkel, Hal and Frontiere, Nicholas},
  year = {2017},
  month = sep,
  journal = {The Astrophysical Journal},
  volume = {847},
  pages = {50},
  doi = {10.3847/1538-4357/aa86a9},
  adsurl = {https://ui.adsabs.harvard.edu/abs/2017ApJ...847...50L},
  urldate = {2023-04-20},
  keywords = {Astrophysics - Cosmology and Nongalactic Astrophysics,dark energy,large-scale structure of universe}
}


@article{heitmann2010CoyoteUniversePrecision,
  title = {The {{Coyote Universe}}. {{I}}. {{Precision Determination}} of the {{Nonlinear Matter Power Spectrum}}},
  author = {Heitmann, Katrin and White, Martin and Wagner, Christian and Habib, Salman and Higdon, David},
  year = {2010},
  month = may,
  journal = {The Astrophysical Journal},
  volume = {715},
  pages = {104--121},
  doi = {10.1088/0004-637X/715/1/104},
  adsurl = {https://ui.adsabs.harvard.edu/abs/2010ApJ...715..104H},
  urldate = {2023-04-20},
  keywords = {Astrophysics,large-scale structure of universe,methods: numerical}
}

@article{lawrence2010CoyoteUniverseIII,
  title = {The {{Coyote Universe}}. {{III}}. {{Simulation Suite}} and {{Precision Emulator}} for the {{Nonlinear Matter Power Spectrum}}},
  author = {Lawrence, Earl and Heitmann, Katrin and White, Martin and Higdon, David and Wagner, Christian and Habib, Salman and Williams, Brian},
  year = {2010},
  month = apr,
  journal = {The Astrophysical Journal},
  volume = {713},
  pages = {1322--1331},
  doi = {10.1088/0004-637X/713/2/1322},
  adsurl = {https://ui.adsabs.harvard.edu/abs/2010ApJ...713.1322L},
  urldate = {2023-04-20},
  keywords = {Astrophysics - Cosmology and Extragalactic Astrophysics,large-scale structure of universe,methods: numerical,methods: statistical}
}


@ARTICLE{neutrinos_Pedersen2019,
       author = {{Pedersen}, Christian and {Font-Ribera}, Andreu and {Kitching}, Thomas D. and {McDonald}, Patrick and {Bird}, Simeon and {Slosar}, An{\v{z}}e and {Rogers}, Keir K. and {Pontzen}, Andrew},
        title = "{Massive neutrinos and degeneracies in Lyman-alpha forest simulations}",
      journal = {\jcap},
     keywords = {Astrophysics - Cosmology and Nongalactic Astrophysics},
         year = 2020,
        month = apr,
       volume = {2020},
       number = {4},
          eid = {025},
        pages = {025},
          doi = {10.1088/1475-7516/2020/04/025},
archivePrefix = {arXiv},
       eprint = {1911.09596},
 primaryClass = {astro-ph.CO},
       adsurl = {https://ui.adsabs.harvard.edu/abs/2020JCAP...04..025P},
      adsnote = {Provided by the SAO/NASA Astrophysics Data System}
}

@article{anderson2019CosmologicalHydrodynamicSimulations,
  title = {Cosmological {{Hydrodynamic Simulations}} with {{Suppressed Variance}} in the {{Ly$\alpha$ Forest Power Spectrum}}},
  author = {Anderson, Lauren and Pontzen, Andrew and {Font-Ribera}, Andreu and {Villaescusa-Navarro}, Francisco and Rogers, Keir K. and Genel, Shy},
  year = {2019},
  month = feb,
  journal = {The Astrophysical Journal},
  volume = {871},
  pages = {144},
  doi = {10.3847/1538-4357/aaf576},
  adsurl = {https://ui.adsabs.harvard.edu/abs/2019ApJ...871..144A},
  urldate = {2023-04-27},
  keywords = {early universe,intergalactic medium,methods: numerical}
}


%COVARIANCE

@Article{FM_Fisher1922,
  author =       "Ronald Aylmer Fisher",
  title =        "On the mathematical foundations of theoretical
                 statistics",
  journal =      {j-PHILOS-TRANS-R-SOC-LOND-A-CONTAIN-PAP-MATH-PHYS-CHARACTER},
  volume =       "222",
  number =       "594--604",
  pages =        "309--368",
  day =          "1",
  month =        jan,
  year =         "1922",
  DOI =          "https://doi.org/10.1098/rsta.1922.0009",
  ISSN =         "0264-3952 (print), 2053-9258 (electronic)",
  ISSN-L =       "0264-3952",
  bibdate =      "Wed Jul 01 09:34:29 2020",
  bibsource =    "http://www.math.utah.edu/pub/bibnet/authors/f/fisher-ronald-aylmer.bib",
  URL =          "https://royalsocietypublishing.org/doi/10.1098/rsta.1922.0009;
                 https://www.jstor.org/stable/91208",
  author-dates = "Sir Ronald Aylmer Fisher (17 February 1890--29 July
                 1962)",
  fjournal =     "Philosophical Transactions of the Royal Society of
                 London. Series A, Containing Papers of a Mathematical
                 or Physical Character",
  journal-URL =  "http://www.jstor.org/journals/02643952.html;
                 https://royalsocietypublishing.org/loi/rsta",
  xxjournal =    "Royal Society (Great Britain) Philosophical
                 transactions. Series A",
}

@ARTICLE{MC_Robert2009,
       author = {{Robert}, Christian P.},
        title = "{Monte Carlo Methods in Statistics}",
      journal = {arXiv e-prints},
     keywords = {Statistics - Computation},
         year = 2009,
        month = sep,
          eid = {arXiv:0909.0389},
        pages = {arXiv:0909.0389},
          doi = {10.48550/arXiv.0909.0389},
archivePrefix = {arXiv},
       eprint = {0909.0389},
 primaryClass = {stat.CO},
       adsurl = {https://ui.adsabs.harvard.edu/abs/2009arXiv0909.0389R},
      adsnote = {Provided by the SAO/NASA Astrophysics Data System}
}



%PCA EMULATOR

@article{PCA_Pearson, 
author = { Karl   Pearson   F.R.S. }, 
title = {LIII. On lines and planes of closest fit to systems of points in space}, 
journal = {The London, Edinburgh, and Dublin Philosophical Magazine and Journal of Science}, 
volume = {2}, 
number = {11}, 
pages = {559-572}, 
year  = {1901}, 
publisher = {Taylor & Francis}, 
doi = {10.1080/14786440109462720}, 
}

@ARTICLE{pcacosmo_sharma,
       author = {{Sharma}, Ranbir and {Mukherjee}, Ankan and {Jassal}, H.~K.},
        title = "{Reconstruction of latetime cosmology using principal component analysis}",
      journal = {European Physical Journal Plus},
     keywords = {Astrophysics - Cosmology and Nongalactic Astrophysics},
         year = 2022,
        month = feb,
       volume = {137},
       number = {2},
          eid = {219},
        pages = {219},
          doi = {10.1140/epjp/s13360-022-02397-0},
archivePrefix = {arXiv},
       eprint = {2004.01393},
 primaryClass = {astro-ph.CO},
       adsurl = {https://ui.adsabs.harvard.edu/abs/2022EPJP..137..219S},
      adsnote = {Provided by the SAO/NASA Astrophysics Data System}
}

@ARTICLE{pcacosmo_campeti,
       author = {{Campeti}, Paolo and {Poletti}, Davide and {Baccigalupi}, Carlo},
        title = "{Principal component analysis of the primordial tensor power spectrum}",
      journal = {\jcap},
     keywords = {Astrophysics - Cosmology and Nongalactic Astrophysics},
         year = 2019,
        month = sep,
       volume = {2019},
       number = {9},
          eid = {055},
        pages = {055},
          doi = {10.1088/1475-7516/2019/09/055},
archivePrefix = {arXiv},
       eprint = {1905.08200},
 primaryClass = {astro-ph.CO},
       adsurl = {https://ui.adsabs.harvard.edu/abs/2019JCAP...09..055C},
      adsnote = {Provided by the SAO/NASA Astrophysics Data System}
}

@article{chaves-montero2020SurrogateModellingBaryonic,
  title = {Surrogate Modelling the {{Baryonic Universe}} - {{I}}. {{The}} Colour of Star Formation},
  author = {{Chaves-Montero}, Jon{\'a}s and Hearin, Andrew},
  year = {2020},
  month = jun,
  journal = {Monthly Notices of the Royal Astronomical Society},
  volume = {495},
  pages = {2088--2104},
  doi = {10.1093/mnras/staa1230},
  url = {http://adsabs.harvard.edu/abs/2020MNRAS.495.2088C},
  urldate = {2021-05-13},
  keywords = {galaxies: evolution,galaxies: formation,galaxies: fundamental parameters,galaxies: photometry,galaxies: statistics}
}

@article{chaves-montero2023GalaxyFormationOrigin,
  title = {The Galaxy Formation Origin of the Lensing Is Low Problem},
  author = {{Chaves-Montero}, Jon{\'a}s and Angulo, Raul E. and Contreras, Sergio},
  year = {2023},
  month = may,
  journal = {Monthly Notices of the Royal Astronomical Society},
  volume = {521},
  pages = {937--951},
  doi = {10.1093/mnras/stad243},
  url = {https://ui.adsabs.harvard.edu/abs/2023MNRAS.521..937C},
  urldate = {2023-04-13},
  keywords = {Astrophysics - Astrophysics of Galaxies,Astrophysics - Cosmology and Nongalactic Astrophysics,cosmology: observations,cosmology: theory,galaxies: haloes,galaxies: statistics,gravitational lensing: weak,large-scale structure of Universe}
}

@article{contreras2023ConsistentSimultaneousModelling,
  title = {Consistent and Simultaneous Modelling of Galaxy Clustering and Galaxy-Galaxy Lensing with Subhalo Abundance Matching},
  author = {Contreras, Sergio and Angulo, Raul E. and {Chaves-Montero}, Jon{\'a}s and White, Simon D. M. and Aric{\`o}, Giovanni},
  year = {2023},
  month = mar,
  journal = {Monthly Notices of the Royal Astronomical Society},
  volume = {520},
  pages = {489--502},
  doi = {10.1093/mnras/stad122},
  url = {https://ui.adsabs.harvard.edu/abs/2023MNRAS.520..489C},
  urldate = {2023-05-26},
  keywords = {Astrophysics - Astrophysics of Galaxies,Astrophysics - Cosmology and Nongalactic Astrophysics,cosmology: theory,galaxies: formation,galaxies: statistics,large-scale structure of Universe}
}

@ARTICLE{darkemulator,
       author = {{Nishimichi}, Takahiro and {Takada}, Masahiro and {Takahashi}, Ryuichi and {Osato}, Ken and {Shirasaki}, Masato and {Oogi}, Taira and {Miyatake}, Hironao and {Oguri}, Masamune and {Murata}, Ryoma and {Kobayashi}, Yosuke and {Yoshida}, Naoki},
        title = "{Dark Quest. I. Fast and Accurate Emulation of Halo Clustering Statistics and Its Application to Galaxy Clustering}",
      journal = {\apj},
     keywords = {large-scale structure of universe, methods: numerical, methods: statistical, Astrophysics - Cosmology and Nongalactic Astrophysics},
         year = 2019,
        month = oct,
       volume = {884},
       number = {1},
          eid = {29},
        pages = {29},
          doi = {10.3847/1538-4357/ab3719},
archivePrefix = {arXiv},
       eprint = {1811.09504},
 primaryClass = {astro-ph.CO},
       adsurl = {https://ui.adsabs.harvard.edu/abs/2019ApJ...884...29N},
      adsnote = {Provided by the SAO/NASA Astrophysics Data System}
}

@misc{bird2023PRIYANewSuite,
  title = {{{PRIYA}}: {{A New Suite}} of {{Lyman-alpha Forest Simulations}} for {{Cosmology}}},
  author = {Bird, Simeon and Fernandez, Martin and Ho, Ming-Feng and Qezlou, Mahdi and Monadi, Reza and Ni, Yueying and Chen, Nianyi and Croft, Rupert and Di Matteo, Tiziana},
  year = {2023},
  month = jun,
  number = {arXiv:2306.05471},
  eprint = {2306.05471},
  primaryclass = {astro-ph},
  publisher = {{arXiv}},
  doi = {10.48550/arXiv.2306.05471},
  url = {http://arxiv.org/abs/2306.05471},
  urldate = {2023-06-12},
  archiveprefix = {arxiv},
  keywords = {Astrophysics - Astrophysics of Galaxies,Astrophysics - Cosmology and Nongalactic Astrophysics}
}



@misc{contreras2023ConsistentClusteringLensing,
  title = {Consistent Clustering and Lensing of {{SDSS-III BOSS}} Galaxies with an Extended Abundance Matching Formalism},
  author = {Contreras, Sergio and {Chaves-Montero}, Jon{\'a}s and Angulo, Raul E.},
  year = {2023},
  month = may,
  journal = {arXiv e-prints},
  doi = {10.48550/arXiv.2305.09637},
  url = {https://ui.adsabs.harvard.edu/abs/2023arXiv230509637C},
  urldate = {2023-05-21},
  keywords = {Astrophysics - Astrophysics of Galaxies,Astrophysics - Cosmology and Nongalactic Astrophysics}
}


@article{chaves-montero2021SurrogateModellingBaryonic,
  ids = {chaves-montero2021_SurrogateModellingBaryonic},
  title = {Surrogate Modelling the {{Baryonic Universe II}}: {{On}} Forward Modelling the Colours of Individual and Populations of Galaxies},
  author = {{Chaves-Montero}, Jon{\'a}s and Hearin, Andrew},
  year = {2021},
  month = sep,
  journal = {Monthly Notices of the Royal Astronomical Society},
  volume = {506},
  pages = {2373--2389},
  doi = {10.1093/mnras/stab1831},
  url = {https://ui.adsabs.harvard.edu/abs/2021MNRAS.506.2373C},
  urldate = {2021-09-01},
  keywords = {Astrophysics - Astrophysics of Galaxies,Astrophysics - Cosmology and Nongalactic Astrophysics,galaxies: evolution,galaxies: fundamental parameters,galaxies: photometry,large-scale structure of Universe}
}


@ARTICLE{pcacosmo_ferreras,
       author = {{Ferreras}, Ignacio and {Pasquali}, Anna and {de Carvalho}, Reinaldo R. and {de la Rosa}, Ignacio G. and {Lahav}, Ofer},
        title = "{A principal component analysis approach to the star formation history of elliptical galaxies in compact groups}",
      journal = {\mnras},
     keywords = {galaxies: elliptical and lenticular, cD: galaxies: evolution: galaxies: formation: galaxies: stellar content, cD, galaxies: evolution, galaxies: formation, galaxies: stellar content, Astrophysics},
         year = 2006,
        month = aug,
       volume = {370},
       number = {2},
        pages = {828-836},
          doi = {10.1111/j.1365-2966.2006.10509.x},
archivePrefix = {arXiv},
       eprint = {astro-ph/0511753},
 primaryClass = {astro-ph},
       adsurl = {https://ui.adsabs.harvard.edu/abs/2006MNRAS.370..828F},
      adsnote = {Provided by the SAO/NASA Astrophysics Data System}
}


@ARTICLE{pcacosmo_Mancini,
       author = {{Spurio Mancini}, Alessio and {Piras}, Davide and {Alsing}, Justin and {Joachimi}, Benjamin and {Hobson}, Michael P.},
        title = "{COSMOPOWER: emulating cosmological power spectra for accelerated Bayesian inference from next-generation surveys}",
      journal = {\mnras},
     keywords = {methods: data analysis, methods: statistical, cosmic background radiation, large-scale structure of Universe, Astrophysics - Cosmology and Nongalactic Astrophysics, Astrophysics - Instrumentation and Methods for Astrophysics},
         year = 2022,
        month = apr,
       volume = {511},
       number = {2},
        pages = {1771-1788},
          doi = {10.1093/mnras/stac064},
archivePrefix = {arXiv},
       eprint = {2106.03846},
 primaryClass = {astro-ph.CO},
       adsurl = {https://ui.adsabs.harvard.edu/abs/2022MNRAS.511.1771S},
      adsnote = {Provided by the SAO/NASA Astrophysics Data System}
}

@ARTICLE{pcacosmo_kwan,
       author = {{Kwan}, Juliana and {Heitmann}, Katrin and {Habib}, Salman and {Padmanabhan}, Nikhil and {Lawrence}, Earl and {Finkel}, Hal and {Frontiere}, Nicholas and {Pope}, Adrian},
        title = "{Cosmic Emulation: Fast Predictions for the Galaxy Power Spectrum}",
      journal = {\apj},
     keywords = {cosmology: theory, large-scale structure of universe, Astrophysics - Cosmology and Nongalactic Astrophysics},
         year = 2015,
        month = sep,
       volume = {810},
       number = {1},
          eid = {35},
        pages = {35},
          doi = {10.1088/0004-637X/810/1/35},
archivePrefix = {arXiv},
       eprint = {1311.6444},
 primaryClass = {astro-ph.CO},
       adsurl = {https://ui.adsabs.harvard.edu/abs/2015ApJ...810...35K},
      adsnote = {Provided by the SAO/NASA Astrophysics Data System}
}

@ARTICLE{Karacayli2022,
       author = {{Kara{\c{c}}ayl{\i}}, Naim G{\"o}ksel and {Padmanabhan}, Nikhil and {Font-Ribera}, Andreu and {Ir{\v{s}}i{\v{c}}}, Vid and {Walther}, Michael and {Brooks}, David and {Gazta{\~n}aga}, Enrique and {Kehoe}, Robert and {Levi}, Michael and {Ntelis}, Pierros and {Palanque-Delabrouille}, Nathalie and {Tarl{\'e}}, Gregory},
        title = "{Optimal 1D Ly {\ensuremath{\alpha}} forest power spectrum estimation - II. KODIAQ, SQUAD, and XQ-100}",
      journal = {\mnras},
     keywords = {methods: data analysis, intergalactic medium, quasars: absorption lines, Astrophysics - Cosmology and Nongalactic Astrophysics},
         year = 2022,
        month = jan,
       volume = {509},
       number = {2},
        pages = {2842-2855},
          doi = {10.1093/mnras/stab3201},
archivePrefix = {arXiv},
       eprint = {2108.10870},
 primaryClass = {astro-ph.CO},
       adsurl = {https://ui.adsabs.harvard.edu/abs/2022MNRAS.509.2842K},
      adsnote = {Provided by the SAO/NASA Astrophysics Data System}
}

@ARTICLE{Neutrinos_Viel2010,
       author = {{Viel}, Matteo and {Haehnelt}, Martin G. and {Springel}, Volker},
        title = "{The effect of neutrinos on the matter distribution as probed by the intergalactic medium}",
      journal = {\jcap},
     keywords = {Astrophysics - Cosmology and Nongalactic Astrophysics, High Energy Physics - Theory},
         year = 2010,
        month = jun,
       volume = {2010},
       number = {6},
          eid = {015},
        pages = {015},
          doi = {10.1088/1475-7516/2010/06/015},
archivePrefix = {arXiv},
       eprint = {1003.2422},
 primaryClass = {astro-ph.CO},
       adsurl = {https://ui.adsabs.harvard.edu/abs/2010JCAP...06..015V},
      adsnote = {Provided by the SAO/NASA Astrophysics Data System}
}

@ARTICLE{p3d_FontRibera2018,
       author = {{Font-Ribera}, Andreu and {McDonald}, Patrick and {Slosar}, An{\v{z}}e},
        title = "{How to estimate the 3D power spectrum of the Lyman-{\ensuremath{\alpha}} forest}",
      journal = {\jcap},
     keywords = {Astrophysics - Cosmology and Nongalactic Astrophysics},
         year = 2018,
        month = jan,
       volume = {2018},
       number = {1},
          eid = {003},
        pages = {003},
          doi = {10.1088/1475-7516/2018/01/003},
archivePrefix = {arXiv},
       eprint = {1710.11036},
 primaryClass = {astro-ph.CO},
       adsurl = {https://ui.adsabs.harvard.edu/abs/2018JCAP...01..003F},
      adsnote = {Provided by the SAO/NASA Astrophysics Data System}
}

@ARTICLE{b1d_viel2009,
       author = {{Viel}, M. and {Branchini}, E. and {Dolag}, K. and {Grossi}, M. and {Matarrese}, S. and {Moscardini}, L.},
        title = "{Primordial non-Gaussianities in the intergalactic medium}",
      journal = {\mnras},
     keywords = {quasars: absorption lines, cosmology: observations, cosmology: theory, Astrophysics},
         year = 2009,
        month = mar,
       volume = {393},
       number = {3},
        pages = {774-782},
          doi = {10.1111/j.1365-2966.2008.14236.x},
archivePrefix = {arXiv},
       eprint = {0811.2223},
 primaryClass = {astro-ph},
       adsurl = {https://ui.adsabs.harvard.edu/abs/2009MNRAS.393..774V},
      adsnote = {Provided by the SAO/NASA Astrophysics Data System}
}

@ARTICLE{pdf_lee2015,
       author = {{Lee}, Khee-Gan and {Hennawi}, Joseph F. and {Spergel}, David N. and {Weinberg}, David H. and {Hogg}, David W. and {Viel}, Matteo and {Bolton}, James S. and {Bailey}, Stephen and {Pieri}, Matthew M. and {Carithers}, William and {Schlegel}, David J. and {Lundgren}, Britt and {Palanque-Delabrouille}, Nathalie and {Suzuki}, Nao and {Schneider}, Donald P. and {Y{\`e}che}, Christophe},
        title = "{IGM Constraints from the SDSS-III/BOSS DR9 Ly{\ensuremath{\alpha}} Forest Transmission Probability Distribution Function}",
      journal = {\apj},
     keywords = {intergalactic medium, large-scale structure of universe, methods: data analysis, quasars: absorption lines, quasars: emission lines, techniques: spectroscopic, Astrophysics - Cosmology and Nongalactic Astrophysics},
         year = 2015,
        month = feb,
       volume = {799},
       number = {2},
          eid = {196},
        pages = {196},
          doi = {10.1088/0004-637X/799/2/196},
archivePrefix = {arXiv},
       eprint = {1405.1072},
 primaryClass = {astro-ph.CO},
       adsurl = {https://ui.adsabs.harvard.edu/abs/2015ApJ...799..196L},
      adsnote = {Provided by the SAO/NASA Astrophysics Data System}
}

@article{ennemu:P1DMolaro2023,
    author = "Molaro, Margherita and Ir\v{s}i\v{c}, Vid and Bolton, James S. and Lieu, Maggie and Keating, Laura C. and Puchwein, Ewald and Haehnelt, Martin G. and Viel, Matteo",
    title = "{Possible evidence for a large-scale enhancement in the Lyman-\ensuremath{\alpha} forest power spectrum at redshift z \ensuremath{\geq} 4}",
    eprint = "2303.05167",
    archivePrefix = "arXiv",
    primaryClass = "astro-ph.CO",
    doi = "10.1093/mnras/stad598",
    journal = "Mon. Not. Roy. Astron. Soc.",
    volume = "521",
    number = "1",
    pages = "1489--1501",
    year = "2023"
}

@article{gpemu:P1DFernandez2022,
    author = "Fernandez, M. A. and Ho, Ming-Feng and Bird, Simeon",
    title = "{A multifidelity emulator for the Lyman-\ensuremath{\alpha} forest flux power spectrum}",
    eprint = "2207.06445",
    archivePrefix = "arXiv",
    primaryClass = "astro-ph.CO",
    doi = "10.1093/mnras/stac2435",
    journal = "Mon. Not. Roy. Astron. Soc.",
    volume = "517",
    number = "3",
    pages = "3200--3211",
    year = "2022"
}

@ARTICLE{Ravoux2023,
       author = {{Ravoux}, Corentin and {Karim}, Marie Lynn Abdul and {Armengaud}, Eric and {Walther}, Michael and {G{\"o}ksel Kara{\c{c}}ayl{\i}}, Naim and {Martini}, Paul and {Guy}, Julien and {Aguilar}, Jessica Nicole and {Ahlen}, Steven and {Bailey}, Stephen and {Bautista}, Julian and {Beltran}, Sergio Felipe and {Brooks}, David and {Cabayol-Garcia}, Laura and {Chabanier}, Sol{\`e}ne and {Chaussidon}, Edmond and {Chaves-Montero}, Jon{\'a}s and {Dawson}, Kyle and {de la Cruz}, Rodrigo and {de la Macorra}, Axel and {Doel}, Peter and {Fanning}, Kevin and {Font-Ribera}, Andreu and {Forero-Romero}, Jaime and {Gontcho}, Satya Gontcho A and {Gonzalez-Morales}, Alma and {Gordon}, Calum and {Herrera-Alcantar}, Hiram and {Honscheid}, Klaus and {Ir{\v{s}}i{\v{c}}}, Vid and {Ishak}, Mustapha and {Kehoe}, Robert and {Kisner}, Theodore and {Kremin}, Anthony and {Landriau}, Martin and {Le Guillou}, Laurent and {Levi}, Michael and {Luki{\'c}}, Zarija and {Magneville}, Christophe and {Meisner}, Aaron and {Miquel}, Ramon and {Moustakas}, John and {Mueller}, Eva-Maria and {Mu{\~n}oz-Guti{\'e}rrez}, Andrea and {Napolitano}, Lucas and {Nie}, Jundan and {Niz}, Gustavo and {Palanque-Delabrouille}, Nathalie and {Percival}, Will and {P{\'e}rez-R{\`a}fols}, Ignasi and {Pieri}, Matthew and {Poppett}, Claire and {Prada}, Francisco and {Ram{\'\i}rez P{\'e}rez}, C{\'e}sar and {Rossi}, Graziano and {Sanchez}, Eusebio and {Schlegel}, David and {Schubnell}, Michael and {Seo}, Hee-Jong and {Sinigaglia}, Francesco and {Tan}, Ting and {Tarl{\'e}}, Gregory and {Wang}, Ben and {Weaver}, Benjamin and {Y{\`e}che}, Christophe and {Zhou}, Zhimin},
        title = "{The Dark Energy Spectroscopic Instrument: One-dimensional power spectrum from first Lyman-$\alpha$ forest samples with Fast Fourier Transform}",
      journal = {arXiv e-prints},
     keywords = {Astrophysics - Cosmology and Nongalactic Astrophysics},
         year = 2023,
        month = jun,
          eid = {arXiv:2306.06311},
        pages = {arXiv:2306.06311},
          doi = {10.48550/arXiv.2306.06311},
archivePrefix = {arXiv},
       eprint = {2306.06311},
 primaryClass = {astro-ph.CO},
       adsurl = {https://ui.adsabs.harvard.edu/abs/2023arXiv230606311R},
      adsnote = {Provided by the SAO/NASA Astrophysics Data System}
}

@ARTICLE{karaçayli2023,
       author = {{Kara{\c{c}}ayl{\i}}, Naim G{\"o}ksel and {Martini}, Paul and {Guy}, Julien and {Ravoux}, Corentin and {Karim}, Marie Lynn Abdul and {Armengaud}, Eric and {Walther}, Michael and {Aguilar}, J. and {Ahlen}, S. and {Bailey}, S. and {Bautista}, J. and {Beltran}, S.~F. and {Brooks}, D. and {Cabayol-Garcia}, L. and {Chabanier}, S. and {Chaussidon}, E. and {Chaves-Montero}, J. and {Dawson}, K. and {de la Cruz}, R. and {de la Macorra}, A. and {Doel}, P. and {Font-Ribera}, A. and {Forero-Romero}, J.~E. and {Gontcho}, S. Gontcho A and {Gonzalez-Morales}, A.~X. and {Gordon}, C. and {Herrera-Alcantar}, H. K and {Honscheid}, K. and {Ir{\v{s}}i{\v{c}}}, V. and {Ishak}, M. and {Kehoe}, R. and {Kisner}, T. and {Kremin}, A. and {Landriau}, M. and {Le Guillou}, L. and {Levi}, M.~E. and {Luki{\'c}}, Z. and {Meisner}, A. and {Miquel}, R. and {Moustakas}, J. and {Mueller}, E. and {Mu{\~n}oz-Guti{\'e}rrez}, A. and {Napolitano}, L. and {Nie}, J. and {Niz}, G. and {Palanque-Delabrouille}, N. and {Percival}, W.~J. and {Pieri}, M. and {Poppett}, C. and {Prada}, F. and {P{\'e}rez-R{\`a}fols}, I. and {Ram{\'\i}rez-P{\'e}rez}, C. and {Rossi}, G. and {Sanchez}, E. and {Seo}, H. and {Sinigaglia}, F. and {Tan}, T. and {Tarl{\'e}}, G. and {Wang}, B. and {Weaver}, B.~A. and {Y{\`e}che}, C. and {Zhou}, Z.},
        title = "{Optimal 1D Ly$\alpha$ Forest Power Spectrum Estimation -- III. DESI early data}",
      journal = {arXiv e-prints},
     keywords = {Astrophysics - Cosmology and Nongalactic Astrophysics},
         year = 2023,
        month = jun,
          eid = {arXiv:2306.06316},
        pages = {arXiv:2306.06316},
          doi = {10.48550/arXiv.2306.06316},
archivePrefix = {arXiv},
       eprint = {2306.06316},
 primaryClass = {astro-ph.CO},
       adsurl = {https://ui.adsabs.harvard.edu/abs/2023arXiv230606316K},
      adsnote = {Provided by the SAO/NASA Astrophysics Data System}
}

@ARTICLE{NAF,
       author = {{Huang}, Chin-Wei and {Krueger}, David and {Lacoste}, Alexandre and {Courville}, Aaron},
        title = "{Neural Autoregressive Flows}",
      journal = {arXiv e-prints},
     keywords = {Computer Science - Machine Learning, Statistics - Machine Learning},
         year = 2018,
        month = apr,
          eid = {arXiv:1804.00779},
        pages = {arXiv:1804.00779},
          doi = {10.48550/arXiv.1804.00779},
archivePrefix = {arXiv},
       eprint = {1804.00779},
 primaryClass = {cs.LG},
       adsurl = {https://ui.adsabs.harvard.edu/abs/2018arXiv180400779H},
      adsnote = {Provided by the SAO/NASA Astrophysics Data System}
}

@ARTICLE{RealNVP,
       author = {{Dinh}, Laurent and {Sohl-Dickstein}, Jascha and {Bengio}, Samy},
        title = "{Density estimation using Real NVP}",
      journal = {arXiv e-prints},
     keywords = {Computer Science - Machine Learning, Computer Science - Artificial Intelligence, Computer Science - Neural and Evolutionary Computing, Statistics - Machine Learning},
         year = 2016,
        month = may,
          eid = {arXiv:1605.08803},
        pages = {arXiv:1605.08803},
          doi = {10.48550/arXiv.1605.08803},
archivePrefix = {arXiv},
       eprint = {1605.08803},
 primaryClass = {cs.LG},
       adsurl = {https://ui.adsabs.harvard.edu/abs/2016arXiv160508803D},
      adsnote = {Provided by the SAO/NASA Astrophysics Data System}
}


@article{karamanis2021hankl,
title={hankl: A lightweight Python implementation of the FFTLog algorithm for Cosmology},
author={Karamanis, Minas and Beutler, Florian},
journal={arXiv preprint arXiv:2106.06331},
year={2021}
}

@ARTICLE{Hamilton2000MNRAS.312..257H,
       author = {{Hamilton}, A.~J.~S.},
        title = "{Uncorrelated modes of the non-linear power spectrum}",
      journal = {\mnras},
     keywords = {COSMOLOGY: THEORY, LARGE-SCALE STRUCTURE OF UNIVERSE, Astrophysics},
         year = 2000,
        month = feb,
       volume = {312},
       number = {2},
        pages = {257-284},
          doi = {10.1046/j.1365-8711.2000.03071.x},
archivePrefix = {arXiv},
       eprint = {astro-ph/9905191},
 primaryClass = {astro-ph},
       adsurl = {https://ui.adsabs.harvard.edu/abs/2000MNRAS.312..257H},
      adsnote = {Provided by the SAO/NASA Astrophysics Data System}
}



@ARTICLE{Talman1978JCoPh..29...35T,
       author = {{Talman}, James D.},
        title = "{Numerical Fourier and Bessel Transforms in Logarithmic Variables}",
      journal = {Journal of Computational Physics},
         year = 1978,
        month = oct,
       volume = {29},
       number = {1},
        pages = {35-48},
          doi = {10.1016/0021-9991(78)90107-9},
       adsurl = {https://ui.adsabs.harvard.edu/abs/1978JCoPh..29...35T},
      adsnote = {Provided by the SAO/NASA Astrophysics Data System}
}

@inproceedings{optuna_2019,
    title={Optuna: A Next-generation Hyperparameter Optimization Framework},
    author={Akiba, Takuya and Sano, Shotaro and Yanase, Toshihiko and Ohta, Takeru and Koyama, Masanori},
    booktitle={Proceedings of the 25th {ACM} {SIGKDD} International Conference on Knowledge Discovery and Data Mining},
    year={2019}
}

@ARTICLE{1999ApJ...518...24M,
       author = {{McDonald}, Patrick and {Miralda-Escud{\'e}}, Jordi},
        title = "{Measuring the Cosmological Geometry from the Ly{\ensuremath{\alpha}} Forest along Parallel Lines of Sight}",
      journal = {\apj},
     keywords = {COSMOLOGY: THEORY, GALAXIES: INTERGALACTIC MEDIUM, COSMOLOGY: LARGE-SCALE STRUCTURE OF UNIVERSE, GALAXIES: QUASARS: ABSORPTION LINES, Cosmology: Theory, Galaxies: Intergalactic Medium, Cosmology: Large-Scale Structure of Universe, Galaxies: Quasars: Absorption Lines, Astrophysics},
         year = 1999,
        month = jun,
       volume = {518},
       number = {1},
        pages = {24-31},
          doi = {10.1086/307264},
archivePrefix = {arXiv},
       eprint = {astro-ph/9807137},
 primaryClass = {astro-ph},
       adsurl = {https://ui.adsabs.harvard.edu/abs/1999ApJ...518...24M},
      adsnote = {Provided by the SAO/NASA Astrophysics Data System}
}


@ARTICLE{2021MNRAS.506.5439C,
       author = {{Cuceu}, Andrei and {Font-Ribera}, Andreu and {Joachimi}, Benjamin and {Nadathur}, Seshadri},
        title = "{Cosmology beyond BAO from the 3D distribution of the Lyman-{\ensuremath{\alpha}} forest}",
      journal = {\mnras},
     keywords = {methods: data analysis, cosmological parameters, large-scale structure of Universe, Astrophysics - Cosmology and Nongalactic Astrophysics},
         year = 2021,
        month = oct,
       volume = {506},
       number = {4},
        pages = {5439-5450},
          doi = {10.1093/mnras/stab1999},
archivePrefix = {arXiv},
       eprint = {2103.14075},
 primaryClass = {astro-ph.CO},
       adsurl = {https://ui.adsabs.harvard.edu/abs/2021MNRAS.506.5439C},
      adsnote = {Provided by the SAO/NASA Astrophysics Data System}
}

@ARTICLE{2024arXiv240403001D,
       author = {{DESI Collaboration} and {Adame}, A.~G. and {Aguilar}, J. and {Ahlen}, S. and {Alam}, S. and {Alexander}, D.~M. and {Alvarez}, M. and {Alves}, O. and {Anand}, A. and {Andrade}, U. and {Armengaud}, E. and {Avila}, S. and {Aviles}, A. and {Awan}, H. and {Bailey}, S. and {Baltay}, C. and {Bault}, A. and {Bautista}, J. and {Behera}, J. and {BenZvi}, S. and {Beutler}, F. and {Bianchi}, D. and {Blake}, C. and {Blum}, R. and {Brieden}, S. and {Brodzeller}, A. and {Brooks}, D. and {Buckley-Geer}, E. and {Burtin}, E. and {Calderon}, R. and {Canning}, R. and {Carnero Rosell}, A. and {Cereskaite}, R. and {Cervantes-Cota}, J.~L. and {Chabanier}, S. and {Chaussidon}, E. and {Chaves-Montero}, J. and {Chen}, S. and {Chen}, X. and {Claybaugh}, T. and {Cole}, S. and {Cuceu}, A. and {Davis}, T.~M. and {Dawson}, K. and {de la Cruz}, R. and {de la Macorra}, A. and {de Mattia}, A. and {Deiosso}, N. and {Dey}, A. and {Dey}, B. and {Ding}, J. and {Ding}, Z. and {Doel}, P. and {Edelstein}, J. and {Eftekharzadeh}, S. and {Eisenstein}, D.~J. and {Elliott}, A. and {Fagrelius}, P. and {Fanning}, K. and {Ferraro}, S. and {Ereza}, J. and {Findlay}, N. and {Flaugher}, B. and {Font-Ribera}, A. and {Forero-S{\'a}nchez}, D. and {Forero-Romero}, J.~E. and {Garcia-Quintero}, C. and {Gazta{\~n}aga}, E. and {Gil-Mar{\'\i}n}, H. and {Gontcho}, S. Gontcho A and {Gonzalez-Morales}, A.~X. and {Gonzalez-Perez}, V. and {Gordon}, C. and {Green}, D. and {Gruen}, D. and {Gsponer}, R. and {Gutierrez}, G. and {Guy}, J. and {Hadzhiyska}, B. and {Hahn}, C. and {Hanif}, M.~M. S and {Herrera-Alcantar}, H.~K. and {Honscheid}, K. and {Howlett}, C. and {Huterer}, D. and {Ir{\v{s}}i{\v{c}}}, V. and {Ishak}, M. and {Juneau}, S. and {Kara{\c{c}}ayli}, N.~G. and {Kehoe}, R. and {Kent}, S. and {Kirkby}, D. and {Kremin}, A. and {Krolewski}, A. and {Lai}, Y. and {Lan}, T. -W. and {Landriau}, M. and {Lang}, D. and {Lasker}, J. and {Le Goff}, J.~M. and {Le Guillou}, L. and {Leauthaud}, A. and {Levi}, M.~E. and {Li}, T.~S. and {Linder}, E. and {Lodha}, K. and {Magneville}, C. and {Manera}, M. and {Margala}, D. and {Martini}, P. and {Maus}, M. and {McDonald}, P. and {Medina-Varela}, L. and {Meisner}, A. and {Mena-Fern{\'a}ndez}, J. and {Miquel}, R. and {Moon}, J. and {Moore}, S. and {Moustakas}, J. and {Mueller}, E. and {Mu{\~n}oz-Guti{\'e}rrez}, A. and {Myers}, A.~D. and {Nadathur}, S. and {Napolitano}, L. and {Neveux}, R. and {Newman}, J.~A. and {Nguyen}, N.~M. and {Nie}, J. and {Niz}, G. and {Noriega}, H.~E. and {Padmanabhan}, N. and {Paillas}, E. and {Palanque-Delabrouille}, N. and {Pan}, J. and {Penmetsa}, S. and {Percival}, W.~J. and {Pieri}, M.~M. and {Pinon}, M. and {Poppett}, C. and {Porredon}, A. and {Prada}, F. and {P{\'e}rez-Fern{\'a}ndez}, A. and {P{\'e}rez-R{\`a}fols}, I. and {Rabinowitz}, D. and {Raichoor}, A. and {Ram{\'\i}rez-P{\'e}rez}, C. and {Ramirez-Solano}, S. and {Rashkovetskyi}, M. and {Ravoux}, C. and {Rezaie}, M. and {Rich}, J. and {Rocher}, A. and {Rockosi}, C. and {Roe}, N.~A. and {Rosado-Marin}, A. and {Ross}, A.~J. and {Rossi}, G. and {Ruggeri}, R. and {Ruhlmann-Kleider}, V. and {Samushia}, L. and {Sanchez}, E. and {Saulder}, C. and {Schlafly}, E.~F. and {Schlegel}, D. and {Schubnell}, M. and {Seo}, H. and {Sharples}, R. and {Silber}, J. and {Sinigaglia}, F. and {Slosar}, A. and {Smith}, A. and {Sprayberry}, D. and {Tan}, T. and {Tarl{\'e}}, G. and {Trusov}, S. and {Vaisakh}, R. and {Valcin}, D. and {Valdes}, F. and {Vargas-Maga{\~n}a}, M. and {Verde}, L. and {Walther}, M. and {Wang}, B. and {Wang}, M.~S. and {Weaver}, B.~A. and {Weaverdyck}, N. and {Wechsler}, R.~H. and {Weinberg}, D.~H. and {White}, M. and {Yu}, J. and {Yu}, Y. and {Yuan}, S. and {Y{\`e}che}, C. and {Zaborowski}, E.~A. and {Zarrouk}, P. and {Zhang}, H. and {Zhao}, C. and {Zhao}, R. and {Zhou}, R. and {Zou}, H.},
        title = "{DESI 2024 IV: Baryon Acoustic Oscillations from the Lyman Alpha Forest}",
      journal = {arXiv e-prints},
     keywords = {Astrophysics - Cosmology and Nongalactic Astrophysics},
         year = 2024,
        month = apr,
          eid = {arXiv:2404.03001},
        pages = {arXiv:2404.03001},
          doi = {10.48550/arXiv.2404.03001},
archivePrefix = {arXiv},
       eprint = {2404.03001},
 primaryClass = {astro-ph.CO},
       adsurl = {https://ui.adsabs.harvard.edu/abs/2024arXiv240403001D},
      adsnote = {Provided by the SAO/NASA Astrophysics Data System}
}

@ARTICLE{2023MNRAS.518.2567G,
       author = {{Gerardi}, Francesca and {Cuceu}, Andrei and {Font-Ribera}, Andreu and {Joachimi}, Benjamin and {Lemos}, Pablo},
        title = "{Direct cosmological inference from three-dimensional correlations of the Lyman {\ensuremath{\alpha}} forest}",
      journal = {\mnras},
     keywords = {methods: data analysis, cosmological parameters, large-scale structure of universe, Astrophysics - Cosmology and Nongalactic Astrophysics},
         year = 2023,
        month = jan,
       volume = {518},
       number = {2},
        pages = {2567-2573},
          doi = {10.1093/mnras/stac3257},
archivePrefix = {arXiv},
       eprint = {2209.11263},
 primaryClass = {astro-ph.CO},
       adsurl = {https://ui.adsabs.harvard.edu/abs/2023MNRAS.518.2567G},
      adsnote = {Provided by the SAO/NASA Astrophysics Data System}
}


@ARTICLE{2013PhRvD..88d3502V,
       author = {{Viel}, Matteo and {Becker}, George D. and {Bolton}, James S. and {Haehnelt}, Martin G.},
        title = "{Warm dark matter as a solution to the small scale crisis: New constraints from high redshift Lyman-{\ensuremath{\alpha}} forest data}",
      journal = {\prd},
     keywords = {98.80.Cq, 95.35.+d, 98.62.Ra, Particle-theory and field-theory models of the early Universe, Dark matter, Intergalactic matter, quasar absorption and emission-line systems, Lyman forest, Astrophysics - Cosmology and Nongalactic Astrophysics},
         year = 2013,
        month = aug,
       volume = {88},
       number = {4},
          eid = {043502},
        pages = {043502},
          doi = {10.1103/PhysRevD.88.043502},
archivePrefix = {arXiv},
       eprint = {1306.2314},
 primaryClass = {astro-ph.CO},
       adsurl = {https://ui.adsabs.harvard.edu/abs/2013PhRvD..88d3502V},
      adsnote = {Provided by the SAO/NASA Astrophysics Data System}
}


@ARTICLE{2006PhRvL..97s1303S,
       author = {{Seljak}, Uro{\v{s}} and {Makarov}, Alexey and {McDonald}, Patrick and {Trac}, Hy},
        title = "{Can Sterile Neutrinos Be the Dark Matter?}",
      journal = {\prl},
     keywords = {95.35.+d, 14.60.St, 98.62.Ra, Dark matter, Non-standard-model neutrinos right-handed neutrinos etc., Intergalactic matter, quasar absorption and emission-line systems, Lyman forest, Astrophysics},
         year = 2006,
        month = nov,
       volume = {97},
       number = {19},
          eid = {191303},
        pages = {191303},
          doi = {10.1103/PhysRevLett.97.191303},
archivePrefix = {arXiv},
       eprint = {astro-ph/0602430},
 primaryClass = {astro-ph},
       adsurl = {https://ui.adsabs.harvard.edu/abs/2006PhRvL..97s1303S},
      adsnote = {Provided by the SAO/NASA Astrophysics Data System}
}

